1888 3090
913 172 945 222 3

148 325 239 367 hoc
256 329 455 381 tempore
474 327 565 366 tres
585 311 889 385 ejus0familiae
916 322 1235 365 inclaruerunt:
1265 321 1463 373 Licini,
1483 322 1708 372 Laecae,

79 381 85 389 Χ
149 393 401 438 Catones.
461 389 663 444 Quorum
699 389 877 433 nomina
913 396 1003 449 quo
1041 390 1209 449 majore
1237 391 1381 450 gloria
1412 395 1573 453 ornata
1603 394 1710 434 sunt

149 459 222 518 (ef.
244 460 352 503 Sall.
374 460 467 503 Cat.
492 459 557 501 17.
578 458 618 508 3,
649 465 759 502 orat.
780 458 826 501 V
853 459 899 501 in
920 460 1015 504 Cat.
1030 460 1299 503 ’invectivam
1320 474 1356 503 c.
1381 460 1447 511 15,
1476 455 1708 502 Drumann

147 528 252 573 hist.
281 526 409 570 Rom.
442 526 499 570 V.
528 540 573 584 p.
604 525 659 568 94
688 527 812 586 seq.)‚
842 541 896 570 eo
925 526 1065 586 magis
1085 526 1387 571 desideramus
1408 526 1710 571 Latronianae

146 596 338 640 familiae
365 595 598 651 vestigium
628 609 726 637 cum
753 596 799 638 in
819 595 1080 638 Porciorum
1110 602 1202 638 tum
1231 597 1279 639 in
1301 597 1397 640 alia
1415 602 1558 653 gente,
1588 594 1709 638 unde

149 678 265 722 quae
295 662 355 706 ad
375 662 526 704 nostri
555 662 766 719 originem
785 663 1020 736 pertinent,
1051 677 1269 706 eruamus
1319 663 1590 721 Appellatur
1610 662 1707 721 qui-

148 732 249 776 dem
277 731 560 790 propinquus
591 730 753 789 aliquis
781 720 995 774 Rusticus
1024 731 1212 774 Porcius
1242 732 1314 785 (cf.
1336 732 1438 775 Sen.
1462 737 1603 775 contr.
1625 730 1706 774 IV.

94 810 98 819 ¹
150 800 290 860 praef.
320 799 435 857 216),
466 798 577 842 sed'
566 814 662 857 ipse
682 799 835 853 ignoto
864 799 967 842 loco
998 800 1213 843 oriundus
1223 801 1254 857 ⁸)
1285 799 1419 843 lucis
1428 799 1542 843 nihil
1572 790 1711 842 affert.

261 870 551 914 Latronem
581 874 760 912 autem
788 868 843 911 in
863 868 1140 926 Hispania
1167 875 1352 913 natum
1382 884 1525 921 esse,
1556 883 1711 928 avero

155 939 345 997 propius
382 936 571 980 videtur
595 936 766 979 abesse.
847 935 981 989 Quod
1020 937 1189 979 etiamsi
1225 936 1316 979 duo
1355 937 1550 980 Senecae
1595 920 1716 979 testi-

151 1007 298 1050 monia
328 1005 513 1049 alterum
543 1010 681 1050 contr.
703 1004 782 1049 IV.
807 996 945 1062 praef.
968 1004 1051 1047 266
1080 1004 1214 1048 modo
1242 1005 1495 1059 laudatum,
1527 1004 1714 1065 alterum

150 1080 291 1118 contr.
320 1073 354 1116 I.
386 1073 523 1130 praef.
553 1072 651 1123 65,
656 1072 906 1130 ,Hispanae
945 1073 1282 1117 consuetudinis
1312 1088 1475 1118 morem
1506 1088 1599 1116 non
1627 1087 1712 1130 po-

148 1149 266 1194 terat
293 1141 548 1186 dediscere“
579 1141 757 1200 singula
784 1156 866 1199 per
894 1156 942 1185 se
961 1142 1103 1185 minus
1124 1142 1388 1193 eminerent,
1407 1167 1466 1175 ——
1485 1141 1714 1200 dediscere

152 1212 266 1254 enim
295 1210 443 1268 possis
471 1224 582 1259 rem,
622 1224 753 1266 quam
784 1209 1066 1262 addidiceris
1081 1226 1173 1252 non
1202 1211 1417 1261 innatam,
1455 1225 1601 1267 neque
1639 1224 1712 1251 ne-

150 1277 432 1322 cessitudinis
451 1277 628 1321 vincula
650 1277 888 1336 provinciis
909 1271 1211 1330 terminantur,
1232 1304 1291 1312 -—
1310 1279 1552 1337 conjuncta
1569 1285 1715 1321 tamen

116 1396 125 1415 ἱ
151 1348 302 1391 illa-et
331 1353 463 1391 aucta
492 1347 622 1407 tertio
643 1347 838 1389 Senecae
866 1346 969 1389 loco
1002 1355 1140 1393 contr.
1171 1348 1205 1390 I.
1227 1348 1368 1404 praef.
1389 1348 1458 1391 64.
1489 1362 1546 1398 „a
1576 1347 1715 1404 prima

154 1415 346 1474 pueritia
381 1428 527 1472 usque
565 1412 623 1455 ad
660 1413 860 1456 ultimum
900 1414 997 1472 ejus
1028 1413 1143 1457 diem
1171 1414 1434 1472 perductam
1462 1414 1717 1458 familiarem

156 1483 388 1527 amicitiam
418 1498 517 1540 cum
548 1482 778 1539 voluptate
797 1483 985 1525 maxima
1004 1488 1244 1540 repetam‚“
1274 1483 1514 1527 dummodo
1530 1488 1717 1526 aetatem

153 1553 273 1595 illam
303 1565 448 1609 ponas
479 1556 582 1593 ante
611 1564 775 1592 annum
805 1550 1005 1608 quintum
1036 1551 1251 1594 decimum
1275 1551 1354 1609 (cf.
1374 1551 1501 1608 §3.‚)
1531 1566 1626 1593 non
1645 1565 1716 1593 so-

155 1621 247 1664 lum
285 1620 547 1676 Hispanum
566 1617 712 1660 fuisse
740 1617 997 1670 Latronem,
1035 1618 1121 1661 sed
1152 1620 1283 1669 etiam
1314 1619 1606 1693 Cordubae
1641 1632 1717 1661 na-

154 1695 260 1740 tum,
290 1688 499 1745 majorem
530 1700 664 1744 quam
694 1686 975 1743 conjecturae
1003 1685 1172 1730 faciunt
1199 1687 1345 1731 fidem.

265 1756 368 1799 Hoc
398 1768 613 1797 concesso
644 1754 682 1797 si
711 1754 824 1797 nihil
851 1753 1027 1797 facilius
1056 1755 1233 1807 videtur
1261 1756 1418 1807 statui,
1450 1769 1583 1813 quam
1612 1769 1717 1812 pro-

156 1823 384 1867 vincialem
419 1822 558 1866 fuisse
586 1823 824 1866 Latronem
854 1837 882 1865 a
909 1822 1070 1866 Porcio
1101 1823 1253 1882 aliquo
1284 1823 1556 1882 proconsule
1583 1823 1630 1865 in
1660 1823 1718 1865 ci-

153 1893 335 1936 vitatem
364 1898 409 1935 et
436 1891 622 1934 nominis
652 1891 721 1934 sui
751 1892 1100 1935 communionem
1129 1898 1357 1944 vocatum,
1388 1893 1561 1947 obtat,
1591 1890 1718 1950 quod

155 1961 358 2005 homines
394 1958 692 2018 provinciales
729 1959 792 2001 ita
826 1959 873 2003 in
911 1960 1055 2017 gentis
1094 1960 1322 2003 Romanae
1358 1960 1613 2004 societatem
1648 1974 1717 2002 re-

154 2030 274 2087 cepti
308 2029 500 2087 patrium
534 2027 787 2069 servabant
810 2042 992 2076 nomen,
1042 2029 1315 2086 cognominis
1362 2028 1467 2073 loco
1502 2028 1717 2086 positum:

154 2097 347 2155 Hispani
382 2110 489 2139 vero
527 2109 672 2152 neque
709 2094 755 2136 in
791 2100 969 2144 nostr0‚
1008 2104 1153 2153 neque
1189 2096 1236 2137 in
1268 2096 1526 2154 propinquo
1555 2096 1718 2138 Porcio

159 2155 345 2211 'Rustico
372 2163 512 2207 ullum
534 2156 610 2206 'est
640 2162 877 2221 vestigium
926 2162 1121 2207 Videtur
1139 2163 1190 2214 is,
1222 2171 1438 2221 quantum
1461 2179 1517 2207 ex
1537 2163 1717 2207 nomine

155 2234 305 2292 colligi
331 2238 505 2291 potest,
543 2231 762 2290 ingenuus
791 2231 930 2274 fuisse
958 2232 1190 2283 Romanus
1205 2265 1215 2283 ‚
1247 2232 1436 2275 colonus
1465 2232 1719 2276 Cordubam

156 2302 389 2346 deductus
454 2300 567 2344 Erat
604 2301 716 2344 cnim
754 2301 932 2344 colonia
967 2301 1191 2353 Romana,
1240 2301 1380 2359 prima
1417 2301 1463 2344 in
1499 2300 1719 2359 Hispania

156 2370 340 2413 condita
375 2385 494 2413 anno
536 2369 618 2412 154
647 2385 685 2413 a.
718 2370 813 2420 Ch„
850 2369 936 2412 600
964 2385 1009 2426 p.
1048 2386 1091 2413 u.
1131 2385 1159 2412 a
1195 2370 1422 2413 nobilibus
1458 2370 1720 2426 plerumque

156 2437 395 2495 Hispanis,
434 2438 674 2494 assumptis
705 2452 761 2480 ex
790 2431 1077 2495 patriciorum
1107 2437 1262 2480 ordine
1290 2437 1522 2488 Romanis,
1561 2443 1605 2480 et
1632 2436 1720 2479 ha'c

153 2506 254 2563 ipsa
284 2505 341 2548 de
371 2519 508 2548 causa
537 2505 806 2549 Coloni-ae
835 2505 1115 2548 Patriciae
1144 2506 1321 2549 nomine
1359 2512 1529 2549 ornata.
1597 2504 1719 2558 Quid

155 2573 291 2621 vero?
328 2573 446 2615 Num
475 2573 684 2615 Porcium
705 2573 898 2631 aliquem
928 2572 1070 2615 credis
1100 2573 1302 2615 scholam
1332 2573 1543 2616 habuisse
1571 2572 1721 2616 rheto-

154 2641 320 2685 ricam?
380 2640 661 2700 Quamquam
696 2642 809 2685 enim
839 2640 1089 2699 'postremis
1118 2642 1391 2700 reipublicae
1426 2641 1717 2699 temporibus,
1757 2697 1760 2700 Α

104 2833 107 2836 .
243 2801 276 2847 ’)
298 2800 413 2837 Etiam
435 2801 470 2837 in
485 2801 768 2848 inscriptionibus
793 2794 1140 2849 nusquam'occurrit
1154 2802 1317 2838 Latronis
1338 2797 1483 2844 nomen}
1515 2800 1626 2836 simile
1648 2800 1719 2836 La-

153 2857 257 2892 tronii
273 2858 444 2894 invenitur
458 2858 552 2905 apud
566 2857 796 2894 Mun-amrium
810 2870 845 2905 p.
863 2858 960 2895 1342.
976 2859 1000 2895 5
1014 2863 1051 2894 ct
1065 2872 1098 2907 p.
1121 2859 1219 2895 1587.
1236 2859 1268 2894 9.

1410 2914 1451 2951 1.
