1888 3090
700 1194 815 1262 ⁴De
855 1116 1172 1263 fdiitibus.

278 1318 457 1373 Fontes,
487 1335 543 1364 ex
573 1322 735 1379 quibus
764 1323 967 1370 notitiam
993 1320 1223 1366 haurimus
1252 1321 1401 1384 Porcii
1429 1320 1653 1369 Latronis,
1684 1326 1729 1363 et

165 1400 351 1432 numero
381 1395 426 1432 et
453 1387 586 1447 copia
615 1389 853 1434 admodum
873 1391 980 1434 sunt
998 1390 1161 1457 effjffl'li·
1209 1389 1326 1432 Nam
1354 1388 1513 1446 un-icus
1542 1387 1636 1431 fere
1655 1394 1725 1432 est

164 1457 392 1500 Seneca:
429 1458 507 1515 qui
536 1458 758 1501 accedunt
786 1459 861 1500 alii
890 1465 980 1501 tres
1011 1459 1276 1515 scriptores,
1316 1456 1726 1510 Quintilianus,

162 1522 402 1577 Plinius,
451 1524 839 1585 Hieronymus,
888 1530 1156 1584 quamquam
1195 1525 1381 1584 singulis
1427 1525 1569 1567 solum
1611 1524 1726 1567 locis

164 1591 289 1635 illum
326 1601 685 1652 commemorant,
699 1609 780 1640 ,ne
816 1608 969 1646 omnes
1007 1593 1189 1652 quidem
1216 1608 1385 1636 novum
1412 1593 1585 1650 aliquid
1614 1593 1725 1636 refe-
1788 1634 1794 1642 ,

169 1666 294 1703 runt:
331 1661 463 1704 immo
504 1662 628 1720 quod
666 1661 965 1717 Quintilianus
1001 1654 1175 1713 narrat,
1215 1662 1466 1705 accuratius
1503 1661 1729 1718 proditum

164 1728 291 1785 apud
327 1728 541 1772 Senecam
559 1736 733 1773 exstat.
805 1725 892 1774 Hic
928 1744 1040 1773 vero.
1051 1730 1178 1788 ,licet
1214 1744 1288 1780 ea,
1328 1743 1421 1787 qua
1457 1743 1541 1786 par
1575 1736 1646 1772 est
1681 1730 1728 1772 in

165 1795 320 1846 antico,
348 1795 578 1855 diligentia
607 1804 651 1842 et
679 1811 829 1842 amore
855 1797 996 1841 multa
1023 1790 1071 1841 in
1100 1798 1325 1850 suasoriis·
1344 1803 1390 1841 et
1408 1797 1725 1851 controversiis

163 1862 403 1908 contulerit
412 1897 426 1915 ,-
458 1865 579 1909 unde
614 1867 778 1917 virum,
796 1888 802 1897 -·
818 1866 969 1924 qualis
1001 1862 1154 1916 fuerit',
1193 1879 1539 1923 cognoscamus,
1578 1871 1725 1908 tamen

161 1931 301 1990 quod
324 1947 408 1989 pro
438 1933 524 1976 fine
553 1948 636 1977 suo
664 1933 887 1978 rhetorem
915 1934 1057 1992 magis
1086 1933 1389 1985 adumbravit,
1421 1947 1555 1992 quam
1585 1933 1724 1989 homi·

161 2010 274 2049 nem,
303 1998 425 2043 iuius
447 1998 810 2058 perfectissimam
828 2002 1046 2045 conficere
1064 2016 1306 2059 possumus
1325 2002 1579 2060 imaginexm
1609 2016 1727 2060 quae

160 2066 223 2111 ad
250 2069 386 2112 vitam
415 2069 658 2126 pertinent,
695 2070 886 2128 plurim-‘a
914 2071 1080 2128 ignota.
1138 2070 1291 2127 Atque
1320 2068 1444 2113 haec*
1464 2070 1566 2128 quis
1582 2077 1725 2128 *pote-

160 2136 417 2187 rat-melius
444 2137 734 2196 suppeditare
762 2137 1052 2189 Suetonio,
1074 2138 1195 2184 -mira
1224 2137 1464 2196 colligente
1483 2137 1725 2197 diligentia,

159 2218 279 2262 quae
314 2202 372 2249 de
392 2204 655 2250 illustribus
683 2207 790 2251 viris
819 2206 967 2265 potuit
995 2206 1273 2264 comperire?
1321 2206 1414 2251 Sed
1442 2206 1583 2250 fatum
1612 2207 1727 2250 male

158 2273 293 2318 nobis
336 2268 582 2320 consuluit:
626 2274 861 2334 deperdita
904 2278 1012 2319 sunt
1047 2275 1105 2319 ab
1143 2274 1221 2319 illo
1261 2274 1319 2318 de
1354 2274 1551 2318 Latrone
1586 2275 1727 2320 relata

159 2341 233 2397 (cf.
263 2342 518 2401 catalogum
546 2336 877 2402 deperditorum
905 2344 1135 2387 rhetorum
1164 2345 1212 2386 in
1242 2344 1557 2401 manuscriptis
1578 2356 1726 2387 serva-

158 2413 254 2452 tum
289 2411 335 2454 in
364 2411 567 2467 Suetonii
601 2412 707 2456 edit.
738 2412 968 2456 Wolfiana
995 2426 1041 2469 p.
1073 2411 1158 2469 29),
1198 2416 1243 2455 et
1278 2411 1651 2469 acquiescendum
1679 2413 1727 2455 in

158 2477 291 2539 u-n-i-cp
329 2478 388 2523 de
403 2511 405 2513 »
420 2487 571 2525 morte·
590 2479 767 2525 indicio.
835 2478 971 2535 Quod
1011 2480 1090 2538 qui
1118 2480 1243 2523 solus
1272 2479 1478 2531 tradidit,
1503 2479 1728 2540 Hierony-

83 2548 85 2550 ’
157 2560 275 2591 mum
313 2548 519 2593 hausisse
548 2566 572 2593 e
589 2546 803 2594 'Suetonii
838 2550 955 2594 libro
985 2564 1131 2608 usque
1161 2549 1221 2593 ad
1250 2549 1298 2593 id
1325 2555 1503 2607 tempus
1533 2556 1726 2612 servato,

156 2629 257 2659 cum
304 2617 452 2676 colligi
497 2619 603 2662 licet
637 2634 693 2661 ex
727 2615 870 2677 ipsius
908 2618 954 2660 in
1001 2617 1281 2676 praefatione
1326 2617 1531 2660 chronici
1577 2619 1727 2662 verbis

159 2687 227 2737 „A
257 2685 398 2745 TroJa
435 2702 582 2746 usque
619 2688 679 2732 ad
706 2686 965 2747 vigesimum
996 2686 1281 2731 Constanti-ni
1309 2700 1473 2729 annum
1503 2701 1624 2730 nunc
1653 2687 1725 2731 ad.
1810 2719 1816 2722 -

157 2753 272 2806 dita,
308 2770 430 2799 nunc
466 2756 605 2801 mixta
642 2762 750 2799 sunt
784 2756 998 2814 plurima,
1039 2763 1156 2814 quae
1197 2755 1255 2798 de
1284 2754 1555 2812 Tranquillo
1585 2762 1631 2798 et
1661 2770 1730 2799 ce-

85 2834 88 2837 ·
153 2823 258 2866 teris
303 2816 556 2868 illustribus
601 2824 823 2868 historicis
869 2824 1167 2868 curiosissime
1221 2823 1580 2881 excerpsunus‚“
1635 2830 1727 2867 tum

1434 2892 1451 2926 l

1835 2512 1888 2522 ...-
