1888 3090
913 166 985 239 4⁸

162 314 390 366 habuerit3
420 305 753 365 addendum,
793 313 943 374 quod
974 314 1462 357 oratorivmuneti
1494 326 1731 371 prorsus

116 409 120 413 -
167 384 339 441 impar
378 385 508 427 erat.
568 382 681 424 Nam
720 388 937 439 quantum
968 383 1084 425 inter
1112 397 1162 425 se
1190 382 1503 425 diversasnnt
1530 395 1732 438 pugnare

161 460 206 496 et
233 451 468 503 ventilare,
505 464 636 509 agere
674 456 719 495 et
744 451 791 493 in
831 451 1015 494 somniis
1053 450 1282 501 laborare,
1319 449 1458 494 ludus
1495 455 1542 493 et
1577 463 1728 500 arena,

160 527 330 580 tantum
360 519 513 564 differt
546 520 602 561 ab
642 526 837 576 oratore
856 519 1143 562 declamator.
1182 519 1238 562 cf.
1263 519 1477 562 Cassium
1497 535 1499 537 ’
1516 519 1729 561 Severum

159 603 232 646 ap.
262 582 365 631 Seu.
405 594 548 631 contr.
583 587 657 630 111„
688 586 827 645 praef.
845 585 956 634 398.
1025 587 1084 629 Hi
1123 601 1222 630 cum
1262 586 1596 635 declamabant,
1635 601 1728 628 nou

159 646 403 705 studebant
430 671 550 703 neum
591 655 829 698 defendere
859 655 932 697 vel
962 649 1110 712 judici
1145 655 1217 698 dev
1234 656 1431 698 ‘accusati
1471 655 1728 698 innocentia

160 723 448 782 persuadere,
480 724 561 767 sed
591 723 820 771 auditores
849 722 1064 766 volebant
1100 723 1339 766 oblectare.
1397 722 1726 780 Loquebantur

158 806 275 850 quae
302 792 437 850 longe-
467 792 663 842 meditati
693 797 832 841 erant,
863 805 955 834 non
982 791 1251 849 interpellati
1281 792 1338 835 ab
1370 791 1628 835 adversario
1650 805 1723 834 ne-

157 874 245 917 que
274 859 441 902 turbati
470 860 554 902 fori
584 860 772 916 strepitu
803 865 849 902 et
876 873 994 917 quae
1014 860 1153 903 multa.
1181 860 1268 902 sub
1297 860 1402 902 divo
1443 858 1721 902 confundere

155 934 368 985 poterant
404 934 654 978 oratorem,
691 926 792 976 sed‚
810 926 936 970 velut
972 927 1170 971 claustro
1209 928 1378 971 assueti
1415 927 1529 970 inter
1563 927 1725 970 tacitos

155 1002 200 1038 et
227 995 423 1038 intentos
450 994 682 1038 auditores
707 994 993 1038 >deducentes
1032 996 1291 1039 orationem.
1350 995 1514 1037 Securi>
1543 993 1591 1036 hi
1621 994 1720 1051 qui-

154 1063 253 1107 dem
281 1063 325 1106 in
356 1078 502 1121 aequo
534 1063 644 1106 mari
673 1062 954 1107 vehebantur
981 1069 1028 1107 et
1056 1069 1191 1107 vento
1211 1061 1428 1113 secundo,
1457 1061 1523 1105 illi
1551 1062 1598 1112 in
1627 1069 1723 1106 tur·-

153 1131 259 1190 gido
280 1132 571 1188 jactabantur
600 1146 795 1188 aequore
834 1138 880 1173 et
917 1130 1127 1188 procellis
1165 1134 1349 1189 agitato.
1408 1131 1546 1174 Recte
1583 1131 1640 1173 de
1667 1131 1732 1178 iis,

154 1200 325 1259 Seneca
353 1199 479 1250 dicit:
520 1198 749 1257 „Agedum
787 1200 899 1243 istos
938 1199 1259 1246 declamatores
1293 1198 1472 1256 produc
1508 1198 1556 1241 in
1594 1211 1724 1240 sena-

152 1275 258 1320 tum,
287 1268 333 1311 in
362 1268 522 1317 forum,
554 1283 650 1311 cum
681 1268 784 1312 loco
805 1269 1111 1318 mutabantur,
1134 1268 1257 1311 velut
1285 1273 1466 1311 assueta
1496 1265 1651 1310 clauso
1677 1271 1724 1310 et

150 1336 364 1380 delicatae
393 1336 575 1378 umbrae
604 1351 797 1393 corpora
834 1337 918 1379 sub
957 1336 1062 1378 divo
1101 1343 1219 1378 stare
1250 1350 1341 1378 non
1372 1341 1594 1392 possunt,
1625 1348 1719 1377 nou

150 1406 329 1448 imbrem
360 1404 494 1454 ferre,
543 1420 630 1446 non
669 1405 807 1447 solem
839 1405 1007 1455 sciunt,
1047 1403 1127 1459 vix,
1150 1419 1199 1446 se
1224 1404 1479 1452 inveniunt:
1510 1417 1717 1447 assueve-

148 1478 255 1516 runt
283 1472 395 1517 enim
427 1485 511 1514 suo
542 1471 724 1515 arbitrio
755 1472 909 1516 diserti
939 1479 1065 1514 esse“
1087 1471 1142 1514 cf.
1175 1484 1270 1514 exc,
1291 1478 1433 1514 contr.
1463 1472 1540 1515 111.
1571 1469 1712 1529 praef.

122 1575 131 1582 .
150 1542 247 1584 399.
309 1541 436 1595 Quae
466 1541 567 1597 quis
589 1541 682 1597 jam
713 1550 878 1591 narrat,
910 1542 1017 1598 quin
1047 1541 1257 1583 Latronis
1294 1547 1448 1587 utatur
1482 1539 1718 1596 exemplo?

151 1622 283 1666 quem
321 1622 419 1651 cum
462 1607 691 1665 quondam
720 1622 805 1665 pro
835 1609 1094 1666 propinquo
1126 1608 1313 1650 Rustico
1352 1601 1517 1650 Porcio
1556 1608 1603 1650 in
1640 1607 1718 1649 Hi-

151 1677 309 1733 spania
337 1691 414 1719 reo
448 1691 626 1719 causam
658 1677 942 1734 suscepisset,
973 1676 1071 1719 foro
1110 1676 1222 1719 adeo
1262 1676 1628 1726 confusumesse,
1666 1681 1719 1719 ut

149 1743 206 1787 ad
237 1737 286 1786 Se
323 1755 412 1787 non
442 1735 607 1786 rediret
653 1758 784 1802 quam
816 1737 990 1802 judicio
1019 1758 1074 1786 ex
1107 1744 1205 1786 soro
1242 1744 1287 1786 in
1317 1743 1542 1786 basilicam
1571 1750 1716 1786 trans-

145 1813 253 1863 lato,
276 1813 369 1870 jam
389 1828 541 1869 —supra
571 1821 797 1856 narratum
835 1812 891 1857 cf.
931 1813 955 1870 §
986 1813 1024 1859 7.
1059 1813 1114 1856 cf.
1146 1813 1249 1856 Sen.
1290 1819 1432 1866 contr.
1463 1811 1543 1856 IV.
1573 1805 1713 1870 praef.

146 1880 242 1924 266.
274 1880 426 1934 Quint.
457 1878 515 1924 X.
545 1881 586 1923 5.
613 1880 685 1923 18.
890 1933 898 1941 ‚

257 1948 348 1991 Sed
377 1948 511 1991 latius
543 1955 666 2005 patet
702 1948 792 1991 hoc
828 1948 1058 1992 rhetorum
1088 1949 1255 1991 vitium.
1304 1948 1420 1991 Nam
1458 1962 1486 1991 a
1523 1947 1706 2005 publico

145 2016 413 2070 iudiciorum
451 2031 539 2059 usu
576 2016 730 2059 remoti
777 2031 877 2059 cum
921 2017 1119 2074 regulam
1175 2023 1419 2066 sumerent·
1436 2031 1493 2059 ex
1531 2016 1710 2059 schola-

143 2085 257 2127 stica
277 2085 600 2127 consuetudine
622 2100 678 2127 ex
698 2099 751 2126 ea
770 2086 919 2127 omnia
947 2085 1123 2134 recturi,
1155 2100 1280 2143 quae
1301 2084 1559 2128 scholastici
1588 2085 1712 2128 bona

142 2153 476 2196 arbitrabantur
503 2159 548 2196 et
576 2152 840 2204 laudabilia,
880 2154 1035 2196 mirum
1066 2168 1201 2212 quam
1230 2168 1445 2211 perversa
1482 2168 1619 2211 saepe
1649 2154 1710 2196 vi·

146 2221 368 2265 debantur
398 2222 655 2265 oratoribus
693 2221 749 2265 cf.
786 2222 889 2266 Sen.
921 2229 1061 2268 contr.
1101 2222 1180 2266 IV.
1220 2222 1289 2265 29..
1319 2223 1403 2266 313
1433 2222 1710 2280 „Elegantis-

87 2349 89 2351 η
140 2290 247 2334 sime
283 2289 516 2334 deridebat
550 2291 797 2333 Montanus
825 2291 1049 2334 Votienus
1080 2291 1143 2333 'in
1161 2291 1250 2334 hac
1279 2291 1587 2343 controversia
1616 2291 1706 2333 ine-

142 2358 269 2415 ptias·
290 2350 532 2409 rhetorum,
563 2358 690 2416 quod
719 2358 782 2401 sic
800 2358 1112 2410 declamarent,
1161 2366 1375 2418 tanquam
1405 2358 1518 2402 haec
1534 2392 1544 2409 ‚
1585 2372 1701 2417 quae

139 2426 366 2470 nominata
398 2433 478 2477 est,
508 2427 654 2470 infans
686 2427 815 2477 esset,
845 2443 991 2485 neque
1020 2428 1334 2488 intelligerent,
1373 2427 1410 2470 si
1440 2428 1542 2471 talis
1573 2432 1703 2477 esset,
1737 2483 1739 2485 Ι

141 2508 198 2535 ne
228 2488 420 2555 futuram
452 2494 634 2552 quidem
662 2503 823 2540 ream.“
881 2496 964 2538 His
993 2496 1039 2538 in
1062 2493 1320 2554 judicialem
1351 2511 1478 2539 usum
1508 2495 1705 2554 peccatis

138 2576 194 2604 ne
243 2563 398 2618 optimi
428 2562 606 2619 quidem
643 2563 846 2605 rhetores
884 2565 1128 2615 vacabant3
1166 2564 1347 2621 reperiri
1387 2578 1440 2606 ea
1490 2564 1618 2606 etiam
1657 2564 1701 2605 iu

138 2628 336 2673 Latrone
363 2629 492 2673 locus
524 2630 689 2689 probat
717 2645 790 2688 ap.
821 2631 923 2676 Sen.
955 2639 1096 2676 contr.
1131 2632 1185 2676 11.
1226 2632 1291 2675 11.
1326 2631 1417 2675 163.
1448 2631 1702 2681 Arbitratus

141 2697 252 2740 enim
284 2699 412 2758 quasi
433 2698 682 2755 judicatam
707 2701 1029 2757 quaestionem,
1062 2716 1146 2752 „an
1178 2708 1306 2759 pater
1335 2702 1393 2744 ob
1425 2701 1699 2751 dementiam,

136 2779 253 2822 quae
281 2766 438 2808 morbo
469 2766 604 2815 fieret,
635 2773 807 2811 tantum
824 2770 1025 2813 accusari
1053 2784 1080 2812 a
1102 2770 1193 2813 filio
1213 2770 1435 2818 deberet,“
1463 2778 1507 2812 et
1530 2783 1694 2827 negan-

136 2832 238 2876 dam
264 2840 453 2892 propter
476 2835 603 2880 fictas
626 2836 685 2879 de
711 2836 809 2895 lege
824 2838 959 2895 (quae
986 2839 1324 2896 praepositaest
1352 2838 1699 2892 controversiae)

1380 2908 1425 2944 6'
