1888 3090
912 224 980 277 42

158 373 258 418 m.
299 373 421 421 Sed
435 379 488 417 ut
515 373 731 423 fixerunt,
768 374 869 431 qui'
865 373 1063 417 Graece
1079 361 1438 432 aspernarentur
1467 373 1735 424 decimare,

159 423 289 486 veliit
315 441 491 487 Cestius
521 446 585 485 et
594 442 901 508 Argentarius,
932 443 1152 500 quamvis
1165 449 1355 501 uterque
1384 443 1584 487 Graecus
1615 448 1735 486 esset

112 510 116 514 “
160 509 234 566 (cf.
266 510 369 554 Sen.
403 516 543 565 contr.
573 509 654 554 IV.
689 503 758 554 26.
788 510 910 567 291),
948 511 1027 553 sic
1048 511 1126 554 8111
1155 510 1363 555 Graecos
1383 511 1632 556 imitatione
1646 500 1736 554 1118

158 577 328 621 bebant
355 578 583 636 indignos.
643 578 782 636 Cujus
818 563 1072 621 contemtus
1108 593 1304 633 causam·
1327 580 1461 623 facile
1496 579 1733 622 inveneris.

157 646 403 691 Florebant
430 646 520 690 illis
549 646 837 704 temporibus
872 647 919 690 in
956 646 1139 690 Graecis
1160 648 1393 692 -Asiaticae
1430 646 1645 693 dictionis.
1664 651 1742 704 30³

157 728 286 757 nerat
315 727 454 758 unum
485 716 805 774 sententiosum
836 721 880 758 et
909 722 1145 773 argutum,
1160 717 1389 759 sententiis
1409 730 1504 759 non
1523 722 1615 758 tam
1635 728 1734 772 gra·

155 782 288 828 vibus
327 790 372 827 et
409 783 576 827 severis
621 797 757 841 quam
795 783 1027 837 concinnis
1064 789 1109 827 et
1147 784 1368 835 venustis,
1419 783 1607 828 alterum
1636 787 1734 825 lnon

156 853 259 893 tam·
285 852 516 894 sententiis
546 851 897 908 frequentatum,
930 866 1064 908 quam
1092 852 1242 894 verbis
1283 853 1465 895 voluere
1503 857 1639 909 atque
1664 851 1733 893 in-

157 918 342 963 citatum
362 933 455 962 nec
486 918 664 962 flumine
696 919 839 962 solum
879 911 1115 969 orationis,
1154 919 1236 962 sed
1273 920 1402 963 etiam
1440 925 1658 962 exornato
1689 924 1734 961 et

155 985 305 1030 faceto
324 994 496 1044 genere
527 987 763 1029 verborum
800 987 855 1033 cf.
884 987 983 1030 Cic.
1020 988 1145 1031 Brut.
1168 988 1253 1031 13.
1286 988 1362 1031 95.
1386 987 1460 1031 cf.
1491 987 1730 1030 westan-m.

113 1087 118 1092 .
153 1053 188 1097 1.
219 1068 265 1112 p.
299 1053 393 1097 176.
442 1054 502 1098 Iis
533 1067 687 1097 omnes
716 1068 744 1098 a
773 1055 945 1098 Seneca
975 1055 1302 1098 commemorati
1323 1054 1590 1100 studebant:
1621 1053 1732 1112 Gly-
1765 1064 1767 1066 ·

155 1137 241 1165 con
271 1121 516 1179 Spiridion,
546 1122 741 1173 Diocles,
773 1123 1027 1181 CarystiuS,
1065 1123 1300 1182 Artemon,
1330 1123 1601 1171 Euctemon,
1638 1121 1732 1175 Do-

154 1189 268 1240 rion,
297 1190 546 1246 Apaturius
577 1189 840 1240 Grandaus,
862 1190 1173 1241 Metrodorus,
1202 1191 1489 1240 Aemilianus,
1518 1189 1733 1233 Nicocra-

155 1264 243 1307 tus,
271 1257 536 1309 Pausanias,
569 1257 874 1315 Glaucippus,
913 1257 1096 1303 Plution
1136 1258 1209 1314 alii
1242 1259 1317 1314 (cf.
1354 1259 1590 1309 Westerm.
1608 1257 1652 1302 ..1
1685 1272 1727 1321 p.

159 1326 279 1382 188),
317 1327 365 1369 in
394 1326 560 1383 quibus
589 1325 717 1368 multi
745 1332 852 1369 sunt
881 1326 1132 1368 celebribus
1173 1327 1448 1377 nominibus,
1486 1324 1627 1370 velut
1638 1325 1730 1369 Ad-

156 1393 269 1438 deus
298 1408 391 1437 non
423 1394 612 1451 projecti
642 1394 834 1438 nominis
864 1393 937 1451 (cf.
969 1402 1109 1438 contr.
1139 1394 1216 1438 IV.
1248 1394 1316 1438 24.
1336 1394 1457 1452 273),
1482 1393 1729 1439 Aeschines

156 1476 213 1505 ex
241 1462 373 1504 bonis
411 1455 788 1504 declamatoribus
822 1462 896 1514 (cf.
927 1468 1067 1504 contr.
1105 1463 1138 1505 Ι.
1186 1462 1227 1505 8.
1272 1463 1391 1519 129),
1426 1463 1728 1540 Hermagoras

155 1530 265 1574 artis
293 1531 481 1585 maxime
510 1530 682 1587 peritus
713 1529 784 1587 (cf.
820 1530 1055 1574 Westerm.
1084 1531 1117 1577 I.
1150 1546 1194 1589 p.
1230 1530 1325 1589 194)
1337 1552 1355 1583 ‚*
1379 1530 1440 1575 ad
1470 1530 1600 1589 cujus
1629 1530 1723 1573 imi-

154 1598 369 1641 tationem
397 1598 610 1639 Albutius
642 1604 871 1640 exarserat
909 1598 983 1653 (ef.
1014 1598 1116 1643 Sem
1149 1606 1290 1641 contr.
1327 1600 1404 1641 111.
1444 1599 1581 1655 praef.
1610 1598 1726 1654 199),

156 1665 405 1711 Lesbocles
444 1666 617 1724 „magni
647 1666 837 1709 nominis
867 1665 1047 1709 rhetor“
1079 1665 1151 1723 (ef.
1184 1681 1302 1709 suas.
1332 1666 1386 1709 11.
1421 1665 1503 1722 18),
1534 1665 1726 1717 Nicetes,

151 1734 224 1777 cui
252 1734 339 1776 soli
366 1734 483 1776 inter
512 1734 710 1777 Graecos
738 1734 785 1776 id
816 1734 1079 1790 contigerat.
1110 1734 1236 1791 quod
1265 1735 1454 1777 Latroni
1491 1735 1605 1777 inter
1633 1735 1719 1778 La-

148 1802 284 1853 ῒίιιοε,
318 1810 366 1846 ut
394 1802 493 1860 ipse
522 1802 648 1845 solus
678 1817 705 1845 a
736 1801 969 1860 discipulis
999 1801 1230 1847 audiretur
1259 1801 1332 1859 (of.
1365 1808 1507 1847 contr.
1539 1801 1620 1846 lV.
1653 1802 1720 1846 25.

153 1870 250 1920 283,
281 1884 400 1913 suas.
431 1871 507 1913 111.
539 1870 624 1927 24).
691 1871 857 1932 Itaque·
880 1872 964 1913 etsi
995 1872 1261 1916 auctoritate
1292 1886 1370 1920 eos
1401 1871 1597 1913 caruisse
1633 1887 1732 1914 non

147 1944 301 1996 potest
330 1938 555 1989 contendi,
587 1938 803 1982 tumidum
834 1945 878 1982 et
907 1938 1001 1982 fere
1031 1939 1410 1997 dithyrambicum
1444 1938 1622 1982 dicendi
1651 1953 1724 1997 ge-

146 2021 257 2057 nae,
296 2007 424 2064 quod
454 2021 607 2049 omnes
636 2006 748 2049 fines
776 2006 1032 2057 excederet,
1063 2022 1189 2057 num,
1220 2022 1416 2065 quaeso,
1449 2007 1598 2064 potuit
1624 2007 1721 2063 pla-

148 2089 247 2118 cere
274 2075 357 2126 illi,
398 2076 476 2133 qui
494 2084 497 2087 ’
514 2074 758 2132 simplicem
803 2081 976 2132 peteret
1013 2075 1279 2127 orationem,
1317 2075 1364 2118 in
1399 2075 1656 2133 figurarum
1678 2081 1723 2119 et

147 2144 464 2187 sententiarum
486 2149 749 2187 ornamento
769 2158 860 2186 non
882 2143 1175 2187 exuberanti?
1204 2144 1358 2187 Mollis
1379 2150 1423 2187 et
1443 2142 1721 2186 8111186188-

149 2227 304 2256 corum
334 2212 472 2256 dictio
501 2227 655 2255 nonne
685 2211 911 2257 offendere
940 2211 1136 2256 debebat
1164 2212 1328 2257 fortius
1367 2211 1514 2255 dicere
1543 2210 1721 2255 solitum

146 2288 200 2323 ut
225 2280 509 2324 Romanum?
539 2280 612 2337 (cf.
633 2280 667 2323 Ι.
690 2286 831 2338 praet.
852 2280 921 2332 67,
951 2281 984 2324 Ι.
1015 2280 1055 2324 8.
1080 2281 1173 2332 130,
1194 2281 1251 2324 V.
1272 2280 1341 2324 33.
1362 2279 1461 2331 3533
1491 2279 1546 2322 cf.
1575 2285 1716 2324 contr.

145 2349 200 2393 11.
222 2349 288 2393 15.
323 2349 405 2393 190
431 2349 636 2401 „dicebat
652 2349 850 2407 Agrotas
868 2349 1052 2400 inculta,
1072 2357 1124 2392 ut
1141 2349 1277 2397 scires
1306 2348 1429 2392 illum
1457 2348 1571 2391 inter
1587 2348 1721 2392 Grae-

144 2432 226 2461 cos
253 2433 346 2461 non
376 2417 528 2469 fuisse,
560 2418 791 2462 sententiis
819 2417 1012 2461 fortibus
1026 2450 1036 2468 ‚
1067 2424 1119 2460 ut
1157 2418 1294 2461 scires
1338 2416 1459 2460 iUum
1490 2416 1605 2460 inter
1631 2416 1720 2460 Ro-

145 2500 310 2528 manos.
335 2485 524 2538 fuisse“;
555 2486 868 2544 quaestionum
898 2486 1094 2543 denique
1110 2501 1220 2529 usus
1238 2485 1477 2529 abundans
1507 2486 1714 2547 potuitne

142 2569 236 2597 non
264 2553 443 2597 laedere
474 2563 610 2605 eum,
635 2550 715 2612 qui
754 2555 979 2611 sapienter
1014 2555 1063 2596 in
1099 2554 1154 2596 iis
1189 2554 1372 2597 modum
1403 2556 1602 2599 teneret?
1631 2553 1719 2597 Ita-

144 2636 233 2680 que
262 2621 390 2680 quod
421 2621 630 2665 dictionis
660 2621 860 2665 studium
887 2622 1160 2665 contrarium
1192 2629 1309 2672 erat,
1340 2621 1502 2696 Latro,
1539 2627 1591 2665 ut
1619 2623 1718 2679 ipse

142 2692 200 2734 ab
231 2691 488 2735 oratoribus
518 2691 885 2748 improbabatur,
928 2691 994 2734 sic
1032 2690 1233 2734 Graecos
1270 2689 1582 2735 contemnebat
1618 2689 1719 2735 rhe-

142 2766 277 2803 tores.

260 2828 325 2872 12.
377 2828 517 2872 Satis
507 2828 618 2886 jam
648 2834 692 2872 et
723 2833 968 2897 quantum
970 2842 1026 2872 ex
1054 2826 1255 2872 fontibus
1279 2827 1395 2876 licet,
1426 2826 1718 2871 adumbrasse

148 2897 281 2941 nobis
311 2896 512 2941 videmur
540 2897 703 2947 locum,
734 2912 866 2955 quem
885 2899 999 2941 inter
1019 2911 1138 2973 suae
1157 2897 1317 2941 aetatis
1345 2892 1549 2939 rhetores
1576 2886 1715 2941 [atro
