1888 3090
912 203 983 257 38

160 354 417 406 nequeant“
449 349 515 393 cf..
537 346 723 404 Quintil:
750 336 792 393 '8.
824 351 864 394 5.
895 351 964 395 27.
1030 353 1141 397 Ideo
1170 354 1465 414 immpderata,
1490 354 1732 399 sententia-
1803 368 1806 370 ’

155 431 253 460 rum
292 418 501 476 captatio·
529 417 603 462 vel
649 418 892 477 praecipua
937 420 1023 465 fuit
1067 436 1206 467 causa
1244 420 1614 482 corrumpendae·
1635 422 1730 466 elo-
1804 422 1808 424 ’

160 484 391 542 quentiae,
431 498 566 544 quam
605 486 908 540 Quintilianus
947 494 1027 547 per
1062 495 1207 538 totum
1245 506 1362 549 opus
1391 495 1620 549 nunquam
1649 489 1727 534 de·

158 553 280 605 sistit
306 553 637 620 reprehendere
667 554 722 599 cf.
754 553 872 599 VIII.
904 555 943 600 5.
974 555 1043 601 ’34.

231 614 468 672 Multum
496 623 543 665 in
561 623 633 665 his
652 624 937 667 insaniebant
956 608 1304 679 declamatores,
1335 628 1498 671 multas
1520 613 1732 683 coi-'rupte

156 688 302 738 dictas
332 689 505 734 Seneca
535 690 685 742 affert,
699 690 840 735 velut
875 692 1066 750 ineptias
1104 692 1266 738 Triarii
1304 701 1445 739 contr.
1482 695 1516 739 I.
1554 694 1594 745 6,
1636 692 1730 744 114,
1749 720 1754 723 -

163 757 421 813 Murrhedii
435 773 566 803 suas.
596 759 649 803 11.
683 759 749 811 18,
781 766 925 805 contr.
945 764 1017 805 ΙΙΙ.
1039 761 1107 806 27.
1129 761 1225 813 223,
1255 766 1328 807 ΙΙΙ.
1348 763 1434 809 2⁰..
1450 763 1547 813 239,
1567 765 1643 805 ΙΙΙ..
1665 760 1729 805 18.

160 826 258 877 226,
289 830 363 869 111.
394 826 462 869 20.
478 827 599 877 241,
621 827 698 870 IV.
730 827 797 870 25.
819 828 917 880 285,
947 829 1025 872 IV.
1058 829 1125 872 29.
1156 829 1255 881 314,
1284 830 1342 873 V.
1363 831 1433 881 30,
1462 830 1561 881 333,
1583 829 1640 873 V.
1661 828 1731 872 33.

157 893 260 946 353,
281 894 339 937 V.
360 894 429 938 34.
460 894 557 938 364.
607 894 764 946 Licinii
783 896 974 953 Nepotis
995 903 1135 943 contr.
1157 897 1323 959 111..20‚
1346 898 1443 949 239,
1465 898 1521 941 V.
1543 898 1611 942 34.
1632 896 1729 947 363,
1781 921 1783 924 -

163 962 346 1004 Seniani
376 969 518 1005 contr.
547 966 620 1003 111.
651 962 719 1004 20.
751 962 848 1014 239,
879 963 1074 1006 Othonis
1102 964 1224 1007 Junii
1240 973 1393 1011 contr.
1425 969 1496 1007 111.
1534 965 1596 1008 18.
1634 964 1732 1007 228⁹

99 1086 105 1091 Ι
131 1050 133 1052 ·
170 1030 372 1074 aliorum.
402 1029 659 1083 Adamabat
680 1045 754 1074 eas
775 1031 904 1074 etiam
923 1031 1062 1075 Latro
1091 1032 1185 1089 (cfr.
1203 1035 1234 1074 1.
1255 1032 1396 1090 praef.
1405 1032 1492 1089 68.)
1523 1040 1569 1076 et
1596 1046 1732 1089 saepe

163 1113 273 1156 per
281 1105 425 1145 totum
464 1098 600 1141 diem
617 1099 670 1141 iis
699 1099 892 1155 vacabat
929 1100 1290 1165 componendis.
1313 1100 1369 1144 cf.
1400 1100 1530 1144 ibid..
1578 1099 1732 1151 „Sole-

159 1165 238 1210 bat
257 1166 405 1209 autem
436 1173 480 1209 et
518 1165 608 1208 hoc
637 1181 797 1224 genere
829 1168 1159 1211 exercitationis
1189 1169 1267 1219 uti,
1300 1175 1350 1212 ut
1379 1168 1531 1227 aliquo
1562 1133 1632 1211 die
1661 1168 1729 1211 ni·
1777 1172 1781 1175 ’

156 1234 221 1291 hil
252 1240 438 1293 praeter
457 1234 783 1291 epicheremata
821 1235 1054 1287 scriberet,
1094 1236 1247 1294 aliquo
1286 1236 1358 1279 die
1405 1235 1523 1279 ni-hil
1551 1242 1729 1293 praeter

159 1288 504 1362 enthymemata,
534 1302 690 1360 aliquo
721 1301 793 1344 die
823 1302 932 1353 nihil
962 1310 1140 1360 praeter
1159 1304 1244 1347 has
1273 1304 1595 1362 translatitias,
1615 1315 1730 1361 quas

159 1369 344 1427 proprie
373 1370 618 1412 sententias
649 1369 877 1413 dicimus‘a
938 1374 988 1413 In
1017 1371 1182 1429 quibus
1213 1378 1428 1428 quantum
1476 1371 1727 1428 profecerit,

75 1481 79 1482 ⁷
123 1453 219 1482 --ex
248 1438 574 1481 sententiarum
592 1438 742 1495 eopia
778 1444 981 1496 apffparet
1022 1453 1155 1497 quam
1192 1438 1345 1491 adhuc
1301 1437 1645 1509 fdiscipulus
1674 1452 1731 1489 ex

155 1513 356 1564 tempore
386 1506 499 1549 dixit
527 1506 704 1549 Marino
735 1507 1041 1565 praeceptori.
1055 1507 1222 1551 frustra
1251 1514 1328 1551 888
1301 1495 1556 1566 petenti.-
1579 1506 1635 1550 cf
1664 1506 1724 1556 11).

155 1575 302 1619 Erant
329 1583 473 1618 autem
502 1574 644 1617 fortes
672 1574 937 1633 plerumque
966 1581 1011 1618 et
1038 1576 1187 1619 viriles
1217 1576 1291 1633 (cf.
1322 1584 1465 1619 contr.
1496 1579 1527 1617 Ι.
1559 1574 1600 1624 8,
1634 1573 1728 1627 130,

159 1644 218 1687 V.
250 1644 319 1687 33.
357 1643 459 1698 352)
499 1649 544 1686 et
572 1658 850 1701 magnopere.
871 1643 1083 1687 laudatae
1102 1644 1159 1688 ab
1181 1644 1463 1688 auditoribus
1492 1642 1566 1700 (ef.
1588 1650 1728 1686 contr.
1753 1663 1756 1666 ·

157 1715 210 1754 11.
246 1716 312 1755 11.
341 1711 442 1761 165,
475 1710 534 1753 V.
561 1710 631 1761 30,
661 1710 741 1753 331
777 1713 890 1766 etc.)‚
914 1712 1005 1769 qui,
1035 1711 1083 1755 id
1104 1712 1231 1769 quod
1264 1713 1518 1769 iam-supra
1547 1708 1728 1762 dictum,

161 1793 239 1821 eas
269 1776 531 1822 ediscebant
559 1786 604 1821 et
631 1779 678 1821 in
707 1779 799 1825 suis
829 1779 1094 1835 repetebant
1111 1779 1521 1827 declamationibus.
1582 1778 1731 1822 Tumi-

157 1846 253 1890 das·
269 1847 413 1905 magis
445 1860 580 1904 quam
606 1845 747 1889 fortes
769 1838 895 1888 solus
913 1846 1134 1903 Albutius]
1147 1861 1223 1890 eas
1243 1846 1435 1897 dicebat,
1452 1845 1726 1908 *fastidiosus

157 1915 337 1959 auditor
367 1911 534 1965 eorum,
566 1915 730 1972 quibus
760 1914 959 1958 invidere
989 1922 1187 1972 poterat3
1214 1915 1299 1959 sed
1318 1915 1442 1959 haec.
1459 1921 1528 1958 est
1548 1915 1727 1974 maligni

157 1983 351 2033 hominis
381 1980 616 2027 calumnia.
649 1982 703 2027 cf.
736 1989 876 2027 contr.
911 1982 967 2027 V.
999 1983 1067 2027 30.
1097 1983 1194 2028 331.

273 2048 440 2100 Verum
480 2052 609 2094 etiam
644 2052 691 2094 in
727 2053 959 2094 sententiis
980 2052 1238 2101 »Latronem
1278 2060 1372 2095 non
1408 2052 1597 2103 fluxisse
1619 2051 1729 2093 sine

152 2119 289 2163 modo
308 2126 365 2163 ct
393 2120 592 2167 ratione,
632 2119 830 2162 Senecae
869 2119 1007 2163 verba
1045 2120 1256 2164 videntur
1294 2119 1509 2177 probare:
1550 2117 1727 2175 „Locos
1770 2133 1788 2172 ’-

154 2202 386 2245 nunquam
422 2178 706 2234 attrahebat“
745 2187 801 2230 cf.
842 2195 983 2232 contr.
1023 2191 1096 2231 ΙΙΙ.
1135 2187 1205 2232 22.
1242 2187 1338 2242 254.
1405 2186 1547 2241 Quae
1588 2187 1728 2230 verba

152 2257 310 2315 primo·
326 2256 491 2300 obtutu
528 2262 713 2314 tangere
757 2254 966 2299 videntur
995 2255 1338 2306 declamatores,
1379 2254 1456 2313 qui
1497 2255 1728 2311 sententiis

155 2340 212 2367 ex
243 2340 501 2382 magnorum
532 2330 762 2367 oratorum
793 2330 836 2367 et
867 2324 1242 2381 philosophorum
1280 2323 1405 2366 libris
1445 2323 1725 2381 depromptis
1805 2318 1828 2322 ..

160 2393 291 2452 quasi
322 2391 645 2450 superinducto
662 2391 829 2438 colore
847 2392 1032 2445 maciem
1061 2406 1187 2435 suam
1217 2397 1262 2438 et
1281 2391 1496 2449 pallorem
1518 2392 1728 2450 obtegere

159 2462 415 2512 studebant,
446 2461 571 2504 haud
600 2475 704 2504 raro
736 2461 1041 2506 fraudulenter
1070 2461 1249 2513 mutatis
1281 2460 1435 2518 paucis
1465 2460 1613 2504 verbis
1650 2475 1727 2509 eas

156 2545 253 2589 pro·
273 2531 367 2573 suis
398 2529 669 2573 simulantes.
702 2529 756 2571 cf.
789 2529 891 2572 Sen.
925 2543 1031 2572 suas
1060 2529 1113 2571 ΙΙ.
1144 2529 1214 2577 20,
1255 2535 1394 2571 contr.
1435 2528 1491 2571 V.
1529 2527 1601 2579 34.
1627 2528 1725 2579 362,

170 2603 202 2640 Ι.
235 2599 375 2656 praef.
407 2592 475 2641 622
543 2597 634 2642 Sed
664 2599 720 2641 ab
750 2598 840 2641 hoc
872 2604 1059 2655 peccato
1098 2597 1336 2640 defendere
1372 2612 1466 2640 non
1502 2612 1631 2657 opus
1657 2602 1727 2640 est
1806 2607 1809 2610 '

163 2673 254 2711 tam
273 2666 499 2726 egregium
529 2665 899 2717 declamatorem,
927 2665 1117 2724 probam
1138 2665 1422 2713 imitationem
1451 2679 1579 2708 nemo
1609 2671 1727 2709 certe
1787 2691 1789 2693 >

69 2786 75 2791 .
160 2735 348 2798 obiiciet.
408 2735 524 2778 Nam
554 2741 598 2778 et
619 2734 809 2778 Ovidius
839 2749 933 2777 non
963 2734 1201 2778 dubitabat
1231 2734 1441 2777 Latronis
1478 2733 1721 2785 sententiis,

159 2795 277 2860 quae
305 2791 566 2860 placebant,
605 2802 671 2844 uti
708 2803 754 2844 in
789 2803 1057 2846 carminibus
1098 2801 1153 2844 cf.
1193 2809 1335 2845 contr.
1370 2804 1422 2842 11.
1458 2802 1522 2844 10.
1557 2802 1650 2852 154,
1681 2807 1726 2845 et
1807 2825 1814 2832 ·

162 2871 301 2916 Latro
331 2872 431 2929 ipse
459 2885 579 2916 8888
610 2871 689 2916 VI.
720 2871 774 2915 32
799 2870 1024 2916 Ciceronis
1060 2870 1197 2916 verba
1233 2871 1361 2917 citat:
1401 2869 1544 2922 „Tuis
1578 2869 1729 2915 verbis
1759 2893 1761 2895 v
