1888 3090
908 215 976 272 ω

131 372 235 409 tam.
304 365 520 420 Quartam
556 364 719 409 deinde
754 367 1028 424 proferimus
1061 369 1427 418 declamationem
1457 383 1491 414 a
1524 353 1711 436 Meyer-0

132 434 292 493 quinto
322 434 427 478 loco
456 434 649 492 positam
695 441 740 479 et
776 435 872 494 jam
901 437 962 480 in
992 438 1195 482 Sallustii
1224 439 1495 484 editionibus
1522 431 1711 483 Ven‘etis'

131 502 299 546 Porcio
328 503 514 548 Latroni
553 504 780 548 tributam.
840 504 933 549 Sed
971 513 1230 564 comparata
1259 520 1313 551 ea
1343 523 1442 552 cum
1472 507 1709 566 excerptis,

133 585 255 637 quae
283 572 432 615 Porcii
461 584 493 615 a·
508 572 681 616 Seneca
709 573 842 616 nobis
862 573 1030 618 tradita
1050 581 1168 626 sunt,
1200 576 1309 634 quin
1330 574 1533 621 diversos
1553 579 1708 619 aucto-

130 655 203 684 res
234 640 382 700 quivis
412 647 675 700 cognoscat.
703 656 808 684 non·
827 641 1000 687 dubito.
1059 643 1187 688 Vidit
1206 643 1295 688 hoc
1324 644 1408 688 iam
1440 644 1634 689 Vossius
1660 643 1710 687 in

77 765 79 767 Ι
130 709 248 753 libro
279 709 337 753 de
366 709 486 754 vitiis
517 711 735 753 sermonis
769 710 859 762 111.,
890 711 971 756 VI.
1002 727 1047 770 p.
1069 712 1153 756 403
1184 713 1252 757 ed.
1285 713 1490 758 Francof.
1524 712 1634 767 1666
1671 727 1711 756 s.

130 792 173 820 v.
205 783 553 821 coaetaneus
590 778 654 821 ita
684 778 904 822 scribens:
936 780 1102 830 „Aiunt
1119 778 1585 840 „coaetaneus“.apud
1601 781 1711 825 Por-

131 847 247 890 cium
272 849 512 890 'Latronem
541 845 631 904 legi
670 846 873 890 oratione
908 847 954 890 in
994 847 1226 892 Catilinam
1266 849 1450 901 „Marco
1490 838 1708 909 siquidem

132 915 294 959 Catoni
324 921 404 958 aut
433 914 634 972 Scipioni
660 922 909 958 coaetaneo
939 923 1053 959 suo“
1070 916 1130 960 cf.
1153 931 1191 960 c.
1211 917 1259 969 2,
1289 917 1370 960 sed
1400 919 1515 960 enim·
1540 918 1579 960 is
1595 918 1707 973 seri-

131 991 247 1041 ptor.
266 983 582 1040 supposititius
613 989 693 1025 est.
752 983 900 1026 Multa
931 984 1046 1027 adeo
1077 993 1184 1028 sunt
1214 985 1476 1029 declinantis
1516 986 1707 1029 latinitae

130 1052 191 1095 tis
221 1056 496 1109 argumenta,
524 1056 578 1093 ut
605 1050 789 1093 cuilibet
825 1065 918 1094 non
948 1052 1114 1095 obesae
1142 1052 1263 1095 naris
1299 1059 1508 1096 constare
1547 1053 1705 1110 possit,

132 1120 268 1163 alium
299 1134 398 1162 esse
427 1119 485 1162 ab
515 1118 595 1162 illo
625 1119 791 1163 Porcio
818 1118 1039 1171 Latrone,
1089 1135 1221 1180 quem
1263 1135 1355 1165 non
1393 1136 1485 1165 uno
1522 1121 1567 1165 in
1602 1120 1706 1166 loco

130 1189 196 1233 sic
224 1187 382 1232 laudat
411 1188 473 1231 M.
502 1189 718 1231 Annaeus
747 1188 932 1240 Seneca,
962 1189 1231 1247 philosophi
1261 1205 1437 1248 parens.
1504 1190 1706 1234 Ludovi-

130 1273 211 1302 cus
243 1258 397 1302 Carrio
427 1257 754 1315 ineptissimum
783 1257 988 1315 appellat
1016 1258 1315 1316 sophistam.
1346 1259 1459 1302 Mihi
1497 1258 1612 1301 adeo
1642 1258 1707 1302 in-

130 1327 321 1371 subidus
350 1341 443 1370 non
473 1325 663 1370 videtur.
722 1326 881 1370 Potius
911 1340 1144 1370 accessero
1171 1328 1253 1379 iis,
1273 1329 1351 1386 qui
1372 1335 1599 1371 auctorem
1627 1319 1707 1370 Vi-

128 1397 262 1439 bium
273 1395 478 1453 Crispum
496 1394 793 1438 arbitrantur.
812 1395 864 1438 In
880 1394 951 1438 his
971 1402 1040 1439 est
1057 1395 1315 1440 Hadrianus
1335 1395 1506 1439 Junius
1526 1397 1572 1439 in
1589 1395 1704 1438 libro

130 1464 188 1507 de
218 1464 354 1507 Coma
393 1477 493 1520 cap.
533 1456 685 1506 V111.“
735 1455 872 1507 Cuius
912 1478 1029 1521 quae
1057 1464 1148 1507 huc
1168 1464 1391 1521 pertinent
1411 1464 1561 1513 verba,
1592 1463 1704 1506 haec

129 1540 256 1576 sunt:
287 1531 507 1582 „Porcius
535 1530 689 1582 Latro,
739 1531 834 1575 sive
857 1526 910 1574 'is
939 1530 1103 1574 Vibius
1141 1532 1328 1589 Crispus
1357 1531 1441 1576 fuit
1489 1530 1551 1589 (id
1590 1531 1704 1574 enim

130 1600 483 1645 controversiam
500 1612 600 1659 esse
627 1599 793 1657 video),
823 1599 869 1642 in
899 1599 1156 1647 Catilinaria
1185 1601 1406 1648 invectiva
1443 1600 1601 1644 acerbe
1630 1614 1704 1644 su-

128 1671 258 1729 gillat
288 1670 518 1717 Romanos
548 1668 746 1718 iuvenes,
778 1668 855 1726 qui
884 1669 928 1711 in
959 1669 1102 1712 oculis
1133 1669 1292 1712 civium
1312 1670 1596 1713 calamistrati
1625 1668 1702 1712 ob-

129 1739 321 1783 volitant
351 1737 544 1796 pa'ssim“
576 1735 632 1779 cf.
663 1736 869 1794 Lampas.
896 1751 931 1779 s.
963 1736 1041 1780 fax
1070 1737 1230 1780 artium
1268 1736 1513 1781 liberalium
1543 1736 1721 1801 colleg.-

130 1808 353 1851 Gruterus
373 1808 622 1863 Argentor.
655 1804 779 1848 1609.
810 1811 921 1849 tom>
947 1805 1028 1849 IV.
1057 1830 1116 1837 -
1144 1805 1314 1849 Pressit
1333 1806 1704 1864 Vossii'vestigia

130 1876 310 1928 Cortius
340 1874 385 1917 in
416 1873 619 1917 Sallustii
649 1873 845 1917 editione
881 1873 1006 1932 Lips.
1041 1873 1171 1925 1724,
1210 1889 1255 1932 p.
1296 1874 1405 1918 1079
1437 1873 1533 1918 'hoc
1568 1874 1703 1918 modo

128 1940 352 1990 iudicans:
384 1943 577 1994 „Exstat
605 1957 659 1986 ea
679 1942 947 1986 declamatio
978 1943 1108 1986 etiam
1126 1943 1172 1986 in
1191 1943 1294 1987 edd.
1316 1943 1484 1987 nostris
1504 1943 1716 1990 Venetis<

84 2065 89 2069 ¹
128 2014 190 2060 At
219 2013 257 2056 si
288 2027 441 2055 verum
470 2010 602 2054 fateri
630 2011 750 2062 licet,
780 2026 873 2055 non
902 2011 1054 2054 Porcii
1081 2011 1222 2063 illius,
1262 2012 1385 2055 docti
1415 2017 1460 2055 et
1488 2012 1701 2056 exercita-

127 2081 284 2126 tissimi
313 2081 417 2130 viri,
449 2080 602 2138 potius
631 2080 788 2124 novitii
828 2079 1063 2139 cujusdam
1097 2079 1290 2124 hominis
1326 2079 1475 2124 foetus
1512 2093 1611 2124 esse
1639 2081 1704 2125 vi-

127 2150 278 2194 detur:
309 2150 481 2208 quippe
511 2164 627 2207 quae
658 2164 713 2192 ex
743 2148 957 2210 Sallustio
987 2148 1172 2206 partim,
1207 2149 1368 2207 partim
1407 2163 1463 2192 ex
1493 2148 1704 2205 Cicerone

126 2219 255 2263 nullo
285 2231 422 2276 saepe
444 2218 618 2295 judicio
650 2218 963 2261 consarcinata
993 2223 1101 2261 est.“
1160 2217 1321 2275 Neque
1338 2217 1449 2275 qui,
1487 2222 1704 2275 quantum

128 2287 322 2398 sciam90
327 2287 571 2329 novissime
610 2286 833 2344 quaesivit
870 2286 928 2329 de
964 2285 1065 2328 hac
1082 2284 1424 2336 declamatione,
1452 2285 1644 2329 Bonnell
1671 2286 1702 2330 1.

126 2357 156 2401 l.
188 2372 232 2415 p.
264 2355 602 2415 ‘nigenuinam
636 2361 827 2413 putat:‚
832 2354 1015 2406 ‚Tenuis
1045 2361 1090 2398 et
1118 2353 1246 2398 exilis
1276 2359 1345 2398 est
1374 2354 1533 2413 quinta
1553 2353 1702 2398 decla-

126 2426 264 2469 matio
295 2431 456 2468 contra
484 2424 535 2468 L.
567 2424 771 2482 Sergium
802 2388 1037 2467 Catilinam
1064 2423 1126 2469 Μ
1156 2423 1322 2466 Porcio
1351 2423 1568 2475 Latroni,
1588 2422 1703 2467 cele-

127 2493 198 2537 bri
227 2493 423 2550 Augusti
453 2498 599 2535 aetate
627 2492 811 2543 rhetori,
842 2491 1031 2541 tributa,
1071 2505 1206 2548 quam
1235 2497 1380 2534 tamen
1412 2492 1590 2535 Cor-tius
1623 2502 1706 2539 no·v

127 2562 222 2605 vitii
252 2560 485 2604 cuiusdam
523 2560 718 2604 hominis
755 2559 925 2603 foetum
964 2564 1112 2602 vocat.
1187 2559 1463 2616 Compositio
1503 2560 1705 2618 estqui·

127 2630 228 2673 dem
262 2643 502 2682 numerosa
533 2635 578 2672 et
608 2629 804 2672 decurrit
834 2628 978 2671 oratio
1005 2628 1291 2686 longioribus
1331 2627 1542 2685 periodis
1567 2634 1701 2685 quam

127 2700 174 2742 in
206 2698 365 2742 orandi
396 2696 611 2754 exemplis
650 2712 676 2739 a
714 2697 887 2740 Seneca
925 2696 1103 2739 traditis
1142 2703 1186 2740 et
1224 2697 1271 2739 in
1301 2695 1701 2756 declamationibus

129 2767 408 2820 Quintiliano
440 2766 578 2824 vulgo
609 2766 864 2823 assignatis,
895 2771 947 2809 ut
975 2765 1228 2822 intelligas,
1244 2771 1483 2808 auctorem
1499 2752 1703 2809 studiose

127 2836 175 2878 in
203 2835 400 2878 dictione
438 2835 667 2878 Ciceronis
704 2833 959 2892 effingenda
995 2838 1221 2877 versatum
1259 2848 1378 2884 esse,
1417 2849 1518 2877 cum
1548 2840 1703 2893 tamen

127 2917 220 2946 non
249 2908 353 2946 ante
383 2901 570 2946 secundi
599 2917 644 2959 p.
677 2901 757 2945 Ch.
789 2902 928 2945 seculi
964 2901 1158 2953 initium,
1195 2901 1274 2945 ubi
1314 2900 1601 2954 Quintiliani
1614 2914 1703 2944 ηια-
1758 2915 1763 2918 ’
