1888 3090
904 207 971 258 26

152 354 261 399 dare
298 359 478 399 veretur
511 355 628 399 inter
666 369 759 407 eos,
799 368 918 414 quos
957 354 1188 400 rhetorum
1218 355 1328 401 dicit
1361 356 1575 443 primum
1570 359 1722 401 tetra-

153 425 349 482 deum*)·
390 426 600 476 Arellium
630 425 849 468 Fuscum·
850 426 903 478 ’),
933 425 1164 469 Albutium
1194 426 1376 470 Silum’·
1377 428 1430 484 ‘),
1473 425 1722 469 Gallionem

153 499 297 539 contr.
319 493 380 536 V.
398 493 538 568 praef.
569 491 667 536 323.

150 591 154 593 -
265 561 425 619 Neque
462 563 571 604 v‘ero
619 549 809 610 Seneca,
847 559 946 606 sani
983 565 1026 603 et
1063 560 1223 619 integri
1254 561 1413 619 judicii
1456 542 1601 617 vir-1⁴),
1648 559 1720 617 (cf.

151 627 477 673 Westerm.11.
509 630 533 688 ξ
562 628 679 688 Slp
684 628 813 686 ‚269)
844 634 1031 687 propter
1051 643 1254 687 magnam
1276 645 1377 674 cum
1395 630 1593 674 Latrone
1619 629 1724 672 ami·

149 698 300 741 citiam
329 698 509 740 nimium
540 699 579 740 ei
609 697 775 747 tribuit,
807 697 1003 740 celebrat
1033 711 1131 739 eum
1161 698 1291 741 etiam
1313 698 1613 753 Quintilianus
1642 696 1718 754 (X.

150 765 193 809 5,
217 765 285 823 18)
315 772 368 810 ut
395 767 583 824 primum
613 765 720 808 clari
740 765 928 808 nominis
948 765 1263 823 professorem,
1294 781 1506 810 summam
1525 767 1573 810 in
1592 765 1723 810 scho-

151 833 207 877 lis
226 835 482 891 opinionem
511 834 804 884 obtinentem,
841 833 1016 877 Plinius
1054 849 1098 877 n.
1136 833 1182 877 h.
1222 834 1327 878 XX.
1369 835 1435 878 14.
1466 836 1534 878 57.
1594 834 1726 886 „Fuit

245 1015 276 1063 ⁶)
297 1014 364 1052 Ed.
380 1015 568 1069 Bipontina
583 1015 700 1064 legit,
702 1015 943 1059 ‚,“tetracolon
966 1015 1064 1060 sed,
1066 1005 1294 1060 ,tetradeum“
1317 1020 1374 1052 est
1388 1016 1449 1052 et'
1438 1029 1472 1052 m
1488 1015 1667 1052 codicibus
1690 1015 1726 1051 A

153 1079 191 1109 et
204 1074 246 1108 Β.
262 1080 309 1116 et,
323 1078 493 1119 quantum
510 1085 555 1108 ex
573 1072 723 1108 Schottii
742 1073 848 1109 xariis
864 1073 1072 1109 lectionibus
1095 1073 1314 1120 perspicitur,
1330 1074 1365 1108 in
1386 1073 1463 1142 aliis
1478 1073 1575 1108 libris
1588 1076 1729 1119 praeter

151 1129 321 1172 Vratisl„
324 1129 564 1171 ,“tetraculum
581 1129 813 1165 exhibentem.

243 1185 287 1231 ”)
310 1185 425 1228 Quam
442 1185 594 1231 Seneca
590 1196 741 1232 semper
757 1191 793 1220 et
809 1185 908 1223 Suet.
925 1186 970 1221 de
980 1186 1062 1223 clar.
1072 1186 1165 1222 rhet.
1176 1187 1205 1223 6
1221 1185 1335 1222 Siium
1351 1190 1564 1233 nuncupant,
1572 1185 1625 1221 ab
1637 1185 1726 1220 Hie·
1759 1208 1762 1210 >

154 1255 305 1290 ronymo
322 1244 355 1277 in
371 1242 501 1277 Euseb.
511 1242 630 1277 chron.
639 1241 695 1279 01.
705 1242 770 1277 199
785 1242 978 1285 „Albucius
996 1238 1073 1277 sno
1088 1241 1319 1277 Novariensis
1334 1242 1450 1277 clarus
1464 1242 1586 1277 rhetor
1594 1252 1726 1287 agnos-

155 1300 276 1343 citur,“
295 1298 372 1334 Silo
386 1297 526 1334 dicitur.
558 1296 710 1334 Videtur
720 1303 838 1334 tamen
852 1297 1031 1334 Hermann
1047 1298 1081 1334 in
1096 1297 1355 1346 „disputatione
1362 1298 1407 1334 dc
1415 1297 1729 1346 scriptoribusillu-

152 1357 302 1399 -stribus,
318 1367 464 1402 quorum
481 1360 639 1401 tempora
655 1352 800 1392 Hieron.
824 1354 870 1390 ad
891 1353 1035 1390 Eusebii
1059 1355 1211 1401 chronic.
1235 1355 1436 1391 adnotavit“
1459 1354 1614 1403 Gotting.
1639 1355 1728 1391 1848

156 1425 189 1459 p.
204 1412 251 1447 25
266 1424 299 1447 n.
315 1413 361 1447 64
376 1418 561 1457 utrumque
577 1422 779 1458 cognomen·
788 1411 986 1458 promiscue
1001 1407 1203 1458 usurpatum
1221 1422 1314 1455 esse,
1330 1410 1421 1446 sicut
1444 1411 1538 1458 apud
1554 1407 1727 1456 Senecam

157 1469 260 1505 etiam
277 1469 429 1504 occurrit
452 1467 586 1503 Gavius
603 1466 691 1511 Silo,
708 1466 898 1515 Pompejus
921 1467 1011 1512 Silo,
1024 1468 1192 1504 Abronus
1210 1467 1296 1504 Silo.

248 1526 307 1571 m)
329 1525 457 1561 Exstat
477 1526 511 1560 in
533 1526 569 1561 A
591 1530 627 1560 et
647 1523 678 1559 B
701 1525 881 1560 codicibus
902 1530 987 1571 post
999 1524 1106 1560 Fusci
1129 1536 1256 1560 nomen
1272 1525 1360 1560 alius
1376 1524 1526 1560 nominis
1541 1525 1726 1571 vestigium

114 1606 116 1608 -
156 1584 193 1618 A
207 1584 327 1618 cessi
341 1583 381 1617 B.
395 1582 516 1616 certi.
547 1581 614 1615 His
631 1592 677 1615 ex
692 1580 852 1615 ductibus
865 1592 887 1615 a
898 1592 983 1615 vero
996 1592 1067 1615 non
1077 1580 1270 1618 admodum
1285 1581 1424 1616 videtur
1437 1581 1567 1616 abesse
1583 1580 1728 1616 Cestii

158 1637 298 1687 legere,
319 1638 377 1685 qui
399 1643 435 1673 et
456 1638 533 1685 ipse
557 1636 804 1673 celeberrimus
830 1640 906 1672 erat
928 1636 1019 1672 illius
1041 1637 1166 1681 aetatis
1188 1636 1319 1673 rhetor.
1365 1638 1416 1673 At
1429 1638 1460 1673 si
1475 1636 1626 1685 genuina
1640 1637 1728 1683 hacc

157 1696 263 1731 lectio
279 1702 387 1738 esset,
404 1695 487 1741 quid
503 1694 571 1730 sibi
586 1694 715 1735 vellet.
718 1694 946 1737 ,“tetradeum
962 1693 1060 1729 vox?
1083 1706 1153 1740 qua
1167 1705 1271 1729 nemo
1294 1701 1390 1729 certe
1398 1694 1540 1748 putabit
1554 1694 1728 1744 Senecam

156 1764 228 1788 non
253 1748 416 1787 accurate
448 1755 705 1799 computantem
736 1750 888 1797 quinque
919 1749 1073 1785 virm-um
1104 1750 1315 1786 societatem
1340 1749 1496 1786 voluisse
1520 1750 1551 1786 si
1601 1750 1728 1788 care.

158 1810 281 1858 Itaque
295 1809 436 1846 Cestius
451 1821 521 1845 non
537 1807 776 1857 recipiendus;
792 1819 907 1855 neque
923 1820 1007 1844 vero
1025 1820 1103 1844 cum
1110 1807 1302 1844 editoribus
1313 1808 1384 1844 mol
1509 1821 1532 1845 a
1543 1820 1621 1850 vox
1620 1803 1729 1857 plane

159 1866 359 1903 omittenda.
396 1866 568 1913 Equidem
583 1865 707 1900 melius
723 1870 808 1912 puto
825 1864 930 1899 scribi
946 1864 1113 1908 Arelli,
1130 1869 1168 1900 ut
1181 1864 1321 1913 plenum
1339 1869 1455 1900 exstet
1469 1860 1597 1901 Fusci
1590 1875 1729 1910 nomen,

160 1923 255 1971 quod
278 1916 417 1959 inirerso
442 1923 564 1959 ordine
577 1921 717 1959 Fuscus
733 1921 887 1958 Arellius
908 1920 1035 1969 legitur
1049 1918 1135 1958 suas
1157 1922 1200 1960 Π.
1213 1922 1271 1967 10,
1287 1922 1343 1966 21,
1357 1922 1415 1960 111.
1425 1922 1560 1966 24,—1V.
1574 1922 1630 1966 27,
1645 1934 1728 1959 sae-

157 1981 313 2027 pissime.
359 1980 487 2026 Neque
508 1990 599 2025 quae
615 1983 809 2025 sequuntur
822 1977 931 2013 verba
953 1978 1024 2021 „Hi
1040 1979 1201 2024 quotiens
1218 1979 1459 2016 conflixissent
1473 1990 1584 2026 penes
1600 1978 1726 2015 Latro-

157 2048 237 2071 nem
261 2036 373 2083 gloria
398 2035 535 2078 fuisset,
558 2032 669 2083 peries
685 2034 882 2085 Gallionem
904 2033 1052 2081 ..palmam
1075 2039 1170 2071 recte
1189 2034 1331 2071 habent.
1378 2034 1522 2071 Omissa
1537 2034 1630 2072 enim
1647 2040 1730 2072 sunt

157 2094 266 2142 verba
285 2092 494 2136 „Latronem
518 2092 631 2139 gloria
655 2092 782 2127 fuisset
795 2095 929 2138 penes“
945 2092 980 2127 in
995 2092 1028 2127 A
1046 2098 1082 2127 et
1096 2092 1126 2127 B
1143 2091 1322 2127 codicibus
1333 2118 1342 2134 ,
1364 2093 1571 2139 quibuscum
1585 2098 1731 2142 propter
1778 2133 1781 2136 ,

157 2154 312 2197 apertam
327 2148 577 2197 praestantiam
592 2160 637 2183 eo
659 2146 824 2183 libentius
840 2146 951 2192 facio,
974 2147 1069 2196 quod
1083 2147 1192 2184 verba
1208 2144 1368 2185 contorta
1385 2153 1467 2184 sunt
1481 2152 1518 2184 et
1531 2147 1729 2186 artificiosa.

157 2207 345 2249 Quomodo
367 2207 459 2242 enim
474 2206 534 2253 qui
558 2205 740 2241 victoriam
762 2210 858 2240 tenet
872 2217 943 2241 non
957 2210 1054 2241 tenet
1074 2205 1176 2241 simul
1194 2204 1360 2253 palmam,
1382 2205 1552 2241 victoriae
1566 2206 1732 2253 signium?

156 2263 330 2298 Videntur
352 2263 630 2310 supplementmn
653 2272 738 2296 esse
758 2262 994 2305 librariorum,
1018 2263 1077 2309 qui
1091 2261 1278 2297 Latronem
1300 2263 1439 2297 unicum
1462 2262 1731 2300 declamatoriae

156 2320 243 2356 artis
266 2320 456 2367 principem
476 2319 522 2356 ab
545 2319 624 2367 ipso
641 2318 781 2355 Seneca
803 2319 931 2355 dicmm
953 2319 1147 2363 recordati,
1170 2318 1322 2355 Gallioni
1342 2331 1422 2355 eum
1444 2318 1611 2358 nolebant
1629 2325 1731 2368 post-

157 2376 291 2413 haben.
332 2376 406 2412 Sed
423 2373 554 2412 frustra
569 2376 795 2418 laborabant3
810 2388 890 2411 nam
905 2377 1015 2411 verba
1030 2375 1193 2411 Latronis
1209 2376 1302 2411 laudi
1317 2388 1388 2411 non
1404 2371 1611 2417 obtrectant.
1640 2374 1730 2426 Agi-

156 2438 214 2468 tur
235 2433 280 2469 de
302 2433 497 2468 auditorum
514 2431 669 2480 judicio,
692 2443 783 2480 quos
813 2443 876 2468 cur
898 2432 991 2469 culta
1013 2437 1050 2468 et
1073 2437 1196 2468 ornata
1212 2422 1383 2468 Gallionis
1398 2431 1554 2467 suavitas
1568 2443 1641 2468 non
1655 2444 1731 2488 ms—

157 2491 213 2537 gis
229 2491 362 2538 ceperit
376 2502 480 2537 quam
508 2490 601 2526 forte
625 2494 662 2526 et
683 2490 894 2525 concitatum
920 2490 1058 2525 dicendi
1072 2500 1212 2537 genus,
1237 2501 1307 2536 quo
1330 2487 1439 2525 Latro
1460 2488 1641 2534 utebatur,
1660 2485 1733 2527 non

157 2548 271 2582 video.

246 2605 288 2651 †)
312 2604 462 2641 Bonnell
475 2604 527 2642 l.l.
535 2617 571 2653 p.
587 2605 632 2642 23
647 2605 735 2641 baec
751 2604 855 2640 dicit:
877 2602 928 2641 M.
944 2605 1115 2641 Annaeus
1132 2602 1271 2640 Seneca
1285 2615 1399 2651 pauca
1415 2603 1554 2650 quidem
1569 2604 1604 2641 in
1621 2617 1732 2653 opem

158 2673 224 2696 suo
241 2662 286 2696 de
298 2673 364 2696 suo
382 2661 535 2704 tradidit,
551 2662 616 2696 sed
630 2661 719 2697 haec
736 2661 852 2697 omnia
866 2666 937 2696 tam
953 2666 1034 2708 apte
1051 2666 1088 2695 et
1100 2659 1207 2701 nitide
1223 2660 1315 2696 dicta
1326 2665 1418 2703 sunt,
1434 2660 1589 2697 utAndr.
1601 2662 1731 2698 Schot-

157 2723 215 2754 tus
230 2730 302 2754 non
318 2719 488 2754 immerito
506 2718 647 2762 dixerit,
672 2717 755 2753 nihil
779 2729 862 2754 esse
884 2718 919 2754 in
943 2713 1062 2766 ling-ua
1076 2717 1201 2761 latina,
1225 2729 1301 2753 cum
1324 2729 1348 2753 a
1362 2716 1535 2766 Cicerone
1549 2716 1732 2768 Fabioque

158 2777 387 2820 discesseris,
409 2777 577 2823 scriptum
591 2776 713 2822 purius
738 2783 799 2810 aut
814 2775 1026 2823 elegantins;
1047 2775 1148 2810 simul
1161 2774 1329 2822 judicium
1354 2775 1432 2821 ejus
1447 2782 1519 2811 tam
1534 2775 1733 2812 modestum

157 2838 194 2867 et
210 2834 497 2880 circumspectum
513 2837 578 2876 est,
595 2833 730 2868 animus
745 2837 817 2868 tam
832 2833 965 2880 probus
982 2838 1018 2868 et
1033 2832 1202 2876 sincerus,
1217 2837 1256 2868 ut
1270 2843 1341 2868 non
1353 2831 1428 2868 fere
1444 2826 1578 2868 habeas
1593 2831 1732 2879 ducem,

156 2904 263 2941 quem
278 2890 411 2938 majore
430 2903 508 2927 cum
523 2891 592 2927 fide
614 2902 679 2939 per
694 2890 873 2927 rhetorum
885 2891 1058 2928 auditoria
1074 2891 1245 2937 sequaris.
