1888 3090
346 283 364 305 ,
927 218 1000 293 4⁴.

1228 299 1244 325 ι

177 370 223 409 et
261 363 413 408 officio
443 364 586 422 patris
616 362 841 430 quasdam
880 364 1231 415 controversias,
1263 364 1351 408 ubi
1378 378 1523 423 neque
1553 362 1753 410 filriosus

180 433 270 476 dici
290 438 450 493 posset
470 446 619 491 neque
643 431 820 475 absolvi
850 432 929 475 ut'
917 433 1080 490 impiu's
1096 433 1174 477 vel
1186 433 1322 477 foeda
1336 433 1521 476 libidine
1558 437 1753 475 comnio-
1796 458 1801 463 ·

177 506 265 552 tus,
295 500 411 544 male
435 499 730 552 contenderat
755 499 987 548 induxisse
1007 500 1256 545 Fabianum
1279 501 1407 545 illam
1426 499 1745 560 quaestionem.

175 570 239 612 At
274 584 367 612 non
410 568 548 613 modo
576 582 672 612 non
700 568 953 626 judicatam
989 582 1099 619 eam,
1135 569 1266 613 immo
1306 569 1643 612 validissimam·
1665 581 1752 624 pro
1762 588 1769 598 «ν

176 637 390 696 patribus
412 641 458 680 et
478 636 688 695 judiciali
723 652 811 680 usu
840 636 949 680 satis
976 636 1194 680 firmatam
1228 637 1552 691 demonstravit
1571 635 1742 695 Pellio.

178 705 330 759 Quare
372 719 473 748 cum
516 710 738 748 resecaret
772 704 912 749 Latro
951 705 1260 762 quaestionem
1305 712 1356 749 ut
1398 718 1737 763 supervacuam,

176 773 352 817 forensi
390 772 569 832 quidem
606 771 860 817 videbatur
882 771 1056 824 similis,
1097 773 1175 831 qui
1210 773 1366 851 inepta
1403 779 1448 818 et
1477 770 1754 820 abundantia

181 841 328 900 vitare
356 840 514 893 debet,
551 839 633 884 sed
670 839 893 883 decedens
930 840 987 883 ab
1025 855 1113 883 usu
1148 840 1236 884 hac
1278 841 1400 898 ipsa
1422 840 1748 917 improbatione

176 909 369 953 maxime
400 908 716 967 deprehensus
741 914 808 951 est
838 907 1185 986 schol'asticus‘.)

289 977 491 1021 Alterum
520 982 825 1034 argumentum
855 976 1008 1019 nescio
1029 990 1088 1019 an
1117 977 1175 1025 sit
1193 976 1353 1019 Scauri
1371 976 1508 1020 ludus
1538 989 1611 1034 ap.
1640 977 1750 1019 Sen.

178 1051 323 1089 contr.
353 1044 412 1088 V.
442 1043 511 1088 30.
542 1043 640 1095 329,
670 1044 751 1103 qui
779 1058 880 1087 cum
907 1044 1047 1088 Latro
1078 1058 1324 1102 quaerens,
1362 1059 1468 1088 num
1495 1044 1658 1103 injuria
1687 1058 1753 1087 es·

181 1118 273 1162 set,
313 1112 439 1171 quod
476 1127 651 1170 pauper
689 1111 948 1156 sordidatus
976 1112 1159 1156 divitem
1198 1118 1479 1171 sequeretur,
1519 1112 1666 1157 omnia
1684 1113 1751 1155 -in-

175 1181 326 1239 jurias
354 1195 518 1239 genera
538 1179 964 1238 comprehendisset,
996 1180 1206 1238 „pulsare
1235 1195 1327 1224 non
1353 1180 1470 1231 licet,
1501 1180 1751 1225 convicium

176 1249 324 1292 facere
372 1256 528 1291 contra
572 1249 720 1293 bonos
763 1263 909 1292 mores
947 1263 1042 1292 non
1069 1248 1223 1300 licet‚“
1263 1248 1396 1292 Nova
1438 1247 1651 1309 formula,
1689 1248 1753 1291 in-

179 1317 294 1376 quit,
331 1316 591 1376 injuriarum
624 1316 930 1375 componitur,
962 1316 1088 1375 quod
1125 1316 1200 1360 ille
1230 1327 1391 1361 contra
1418 1317 1567 1360 bonos
1596 1330 1749 1361 mores

177 1386 353 1442 vivit.”)

292 1455 419 1498 Haec
438 1461 563 1512 ,puto
593 1455 703 1498 satis
736 1455 942 1513 probare,
972 1454 1218 1498 Latronem
1240 1456 1288 1498 in
1318 1454 1426 1498 artis
1456 1454 1753 1498 scholasticae

176 1523 343 1567 finibus
373 1522 576 1567 studium
614 1538 744 1567 suum
784 1523 1034 1567 collocasse
1071 1530 1328 1567 contentum
1365 1522 1527 1575 fuisse,
1562 1524 1753 1582 ejusque

177 1605 344 1635 morem
376 1592 447 1651 ita.
471 1590 685 1642 induisse,
709 1597 767 1651 ιιι.
796 1591 885 1634 alio
915 1582 1009 1635 non
1038 1599 1196 1650 posset
1224 1592 1482 1636 consistere.

269 1785 300 1832 '')
325 1785 521 1836 Sanissima
536 1785 641 1831 igitur
653 1785 793 1825 videtur
806 1786 974 1821 librorum
999 1786 1172 1833 scriptura
1186 1786 1250 1830 „in
1274 1786 1390 1821 nulla
1411 1787 1475 1821 ma
1480 1787 1543 1834 gis
1566 1785 1682 1821 illum
1705 1797 1752 1821 re

179 1853 197 1877 s
207 1842 460 1878 cholasticu
468 1854 502 1876 m
531 1842 695 1889 depreh
707 1842 805 1877 endi
815 1845 847 1886 ‚“
885 1848 921 1878 et
943 1842 1051 1878 futilis
1077 1841 1283 1891 Schultingii
1307 1843 1504 1881 emendatio
1535 1841 1601 1886 „in
1631 1842 1753 1878 nulla

178 1901 321 1935 minus
351 1912 409 1935 re.
412 1903 434 1920 ‘⁶
481 1899 590 1935 Falso
613 1900 644 1935 is
659 1905 805 1947 propter
819 1900 1066 1948 praecedentia
1081 1901 1190 1936 verba
1222 1895 1432 1944 „Latronem
1463 1900 1572 1936 videri
1587 1899 1752 1948 tanquam
1760 1907 1766 1911 ”

118 1972 121 1976 >
177 1957 356 2009 forensem
372 1957 515 1994 sacere“
560 1957 711 2003 Pollioni
727 1969 766 1992 re
781 1969 867 1993 vcra
882 1958 917 1992 in
933 1957 1050 2004 aliqua
1063 1969 1103 1993 re
1118 1957 1297 1993 forensem
1321 1959 1434 1993 visum
1458 1969 1542 1993 esse
1564 1957 1752 1993 Latronem

177 2005 323 2062 putavit.

271 2072 316 2117 '')
338 2071 438 2107 Haec
455 2076 511 2106 est
525 2071 620 2106 loci
610 2083 644 2106 ιιι
661 2071 716 2106 ed.
732 2040 811 2118 Bip.
828 2072 968 2118 species
985 2071 1112 2107 collata
1128 2083 1206 2107 cum
1217 2071 1251 2107 A
1265 2076 1302 2107 et
1314 2071 1342 2107 B
1358 2072 1558 2108 codicibus.
1581 2071 1751 2110 Sordida-

177 2132 236 2164 tus
252 2140 341 2173 sum,
357 2129 529 2176 inquam':
546 2128 641 2164 multi
657 2128 819 2175 faciunt(
822 2130 968 2176 quamA
978 2129 1039 2173 B).
1066 2128 1214 2165 Omnia
1204 2128 1349 2175 injuriae
1360 2141 1493 2177 genera
1500 2129 1753 2179 comprehensa

180 2191 264 2221 sunt
279 2186 341 2232 (sit
356 2185 453 2231 Am:
484 2185 625 2233 pulsare
655 2197 726 2220 non
756 2185 857 2228 licet,
889 2187 1083 2222 convicium
1099 2186 1217 2221 facere
1251 2192 1372 2222 contra
1395 2188 1509 2222 bonos
1540 2197 1658 2244 mores
1681 2198 1751 2222 non

179 2243 272 2278 lieet.
320 2242 400 2278 Hoc
423 2242 504 2278 loco
530 2242 687 2278 Scaurus
705 2242 811 2278 dixit.
842 2242 947 2278 Nova
978 2243 1128 2278 formula
1159 2243 1360 2289 injuriarum
1391 2240 1631 2290 componiturj'
1657 2235 1752 2290 quod

179 2300 262 2336 nihil
292 2300 365 2345 (ille
382 2300 428 2335 ini
443 2301 476 2336 A
487 2299 544 2346 Β.)
576 2304 698 2334 contra
715 2300 830 2334 bonos
862 2311 980 2335 mores
1010 2300 1093 2335 fecit
1124 2300 1188 2344 (uit
1203 2300 1301 2345 AB).
1356 2299 1410 2335 Ex
1426 2300 1481 2334 his
1498 2299 1664 2347 equidem
1672 2299 1751 2334 tex-

178 2362 252 2393 tum
273 2359 321 2393 ita
341 2357 579 2405 reposuerim:
601 2356 710 2392 Latro
733 2357 784 2392 sic
809 2357 940 2393 divisit:
965 2358 1049 2393 An'
1040 2370 1074 2393 ιιι
1090 2369 1129 2392 re
1144 2357 1270 2404 injuria
1286 2358 1341 2392 sit.
1387 2357 1510 2400 Nulla,
1536 2357 1645 2405 inquit-
1659 2356 1752 2404 inju-

178 2416 231 2451 ria
246 2421 314 2453 est.
361 2414 572 2451 Sordidatus
588 2426 682 2450 sum:
715 2426 819 2462 quan)
835 2415 930 2451 multi
947 2414 1426 2462 fa1i=mt.0mnia·1njuriae
1441 2427 1573 2463 genera
1589 2426 1751 2462 compre·

178 2473 315 2510 hendit.
330 2473 479 2521 pulsare
491 2485 561 2508 non
576 2472 673 2516 lieet,
691 2474 882 2509 convicium
900 2474 1017 2509 sacci-e
1035 2478 1156 2509 contra
1174 2473 1288 2508 bonos
1306 2484 1424 2508 mores
1441 2485 1510 2509 non
1534 2470 1623 2516 licet.
1670 2472 1750 2508 Hoc

178 2532 259 2567 loco
277 2531 434 2566 Scaurus
450 2531 552 2566 dixit:
575 2531 681 2566 Nova
695 2531 872 2566 formula
861 2531 1063 2578 injuriarum
1080 2531 1310 2577 componitur,
1327 2531 1423 2577 quod
1438 2531 1494 2566 ille
1504 2529 1626 2566 contra
1634 2510 1751 2569 bonos

179 2599 300 2624 mores
316 2587 411 2623 vivit.
