<?xml version="1.0" encoding="UTF-8"?>
<!DOCTYPE html PUBLIC "-//W3C//DTD XHTML 1.0 Transitional//EN"
    "http://www.w3.org/TR/xhtml1/DTD/xhtml1-transitional.dtd">
<html xmlns="http://www.w3.org/1999/xhtml" xml:lang="en" lang="en">
 <head>
  <title>
</title>
<meta http-equiv="Content-Type" content="text/html;charset=utf-8" />
  <meta name='ocr-system' content='tesseract 3.04.00' />
  <meta name='ocr-capabilities' content='ocr_page ocr_carea ocr_par ocr_line ocrx_word'/>
</head>
<body>
  <div class='ocr_page' id='page_1' title='image "./4627453_0016.png"; bbox 0 0 1888 3090; ppageno 0'>
   <div class='ocr_carea' id='block_1_1' title="bbox 163 287 1794 2067">
    <p class='ocr_par' dir='ltr' id='par_1_1' title="bbox 173 287 1794 1523">
     <span class='ocr_line' id='line_1_1' title="bbox 177 287 1739 367; baseline -0.004 -14.996"><span class='ocrx_word' id='word_1_1' title='bbox 177 306 313 367; x_wconf 83' lang='lat' dir='ltr'><strong>gulae</strong></span> <span class='ocrx_word' id='word_1_2' title='bbox 338 308 555 367; x_wconf 63' lang='lat' dir='ltr'><strong>ejusdem</strong></span> <span class='ocrx_word' id='word_1_3' title='bbox 568 307 728 365; x_wconf 74' lang='lat' dir='ltr'><strong>gentis</strong></span> <span class='ocrx_word' id='word_1_4' title='bbox 741 287 936 350; x_wconf 66' lang='lat' dir='ltr'><strong>familiae</strong></span> <span class='ocrx_word' id='word_1_5' title='bbox 951 306 1335 358; x_wconf 73' lang='lat' dir='ltr'><strong>discernebantur,</strong></span> <span class='ocrx_word' id='word_1_6' title='bbox 1365 304 1567 348; x_wconf 73' lang='lat' dir='ltr'><strong>derivata</strong></span> <span class='ocrx_word' id='word_1_7' title='bbox 1587 316 1616 346; x_wconf 76' lang='lat' dir='ltr'><strong>a</strong></span> <span class='ocrx_word' id='word_1_8' title='bbox 1642 302 1739 361; x_wconf 90' lang='lat' dir='ltr'><strong>qui-</strong></span> 
     </span>
     <span class='ocr_line' id='line_1_2' title="bbox 177 371 1738 433; baseline -0.004 -13"><span class='ocrx_word' id='word_1_9' title='bbox 177 376 336 421; x_wconf 71' lang='lat' dir='ltr'><strong>buevis</strong></span> <span class='ocrx_word' id='word_1_10' title='bbox 371 376 507 420; x_wconf 86' lang='lat' dir='ltr'><strong>rebus</strong></span> <span class='ocrx_word' id='word_1_11' title='bbox 549 381 703 419; x_wconf 85' lang='lat' dir='ltr'><strong>notam</strong></span> <span class='ocrx_word' id='word_1_12' title='bbox 732 375 865 418; x_wconf 83' lang='lat' dir='ltr'><strong>alicui</strong></span> <span class='ocrx_word' id='word_1_13' title='bbox 891 374 1197 433; x_wconf 76' lang='lat' dir='ltr'><strong>afferentibus,</strong></span> <span class='ocrx_word' id='word_1_14' title='bbox 1237 371 1407 418; x_wconf 80' lang='lat' dir='ltr'><strong>etiamsi</strong></span> <span class='ocrx_word' id='word_1_15' title='bbox 1445 372 1492 416; x_wconf 88' lang='lat' dir='ltr'><strong>in</strong></span> <span class='ocrx_word' id='word_1_16' title='bbox 1530 377 1738 429; x_wconf 80' lang='lat' dir='ltr'><strong>posteros</strong></span> 
     </span>
     <span class='ocr_line' id='line_1_3' title="bbox 177 439 1740 521; baseline -0.003 -33"><span class='ocrx_word' id='word_1_17' title='bbox 177 458 274 489; x_wconf 81' lang='lat' dir='ltr'><strong>nou</strong></span> <span class='ocrx_word' id='word_1_18' title='bbox 295 444 390 503; x_wconf 70' lang='lat' dir='ltr'><strong>jaun</strong></span> <span class='ocrx_word' id='word_1_19' title='bbox 420 442 713 503; x_wconf 80' lang='lat' dir='ltr'><strong>quadrarent,</strong></span> <span class='ocrx_word' id='word_1_20' title='bbox 749 449 848 487; x_wconf 78' lang='lat' dir='ltr'><strong>rata</strong></span> <span class='ocrx_word' id='word_1_21' title='bbox 884 442 1045 497; x_wconf 80' lang='lat' dir='ltr'><strong>deinde</strong></span> <span class='ocrx_word' id='word_1_22' title='bbox 1080 448 1126 486; x_wconf 84' lang='lat' dir='ltr'><strong>et</strong></span> <span class='ocrx_word' id='word_1_23' title='bbox 1153 443 1200 485; x_wconf 84' lang='lat' dir='ltr'><strong>in</strong></span> <span class='ocrx_word' id='word_1_24' title='bbox 1224 441 1393 486; x_wconf 79' lang='lat' dir='ltr'><strong>familia</strong></span> <span class='ocrx_word' id='word_1_25' title='bbox 1418 447 1633 521; x_wconf 83' lang='lat' dir='ltr'><strong>tanquam</strong></span> <span class='ocrx_word' id='word_1_26' title='bbox 1664 439 1740 484; x_wconf 81' lang='lat' dir='ltr'><strong>hc-</strong></span> 
     </span>
     <span class='ocr_line' id='line_1_4' title="bbox 179 510 1738 570; baseline -0.004 -11"><span class='ocrx_word' id='word_1_27' title='bbox 179 512 390 559; x_wconf 68' lang='lat' dir='ltr'><strong>reditu-ia</strong></span> <span class='ocrx_word' id='word_1_28' title='bbox 403 548 405 550; x_wconf 86' lang='lat'><em>.</em></span> <span class='ocrx_word' id='word_1_29' title='bbox 419 518 557 559; x_wconf 86' lang='lat' dir='ltr'><strong>erant.</strong></span> <span class='ocrx_word' id='word_1_30' title='bbox 614 512 731 555; x_wconf 87' lang='lat' dir='ltr'>Fieri</span> <span class='ocrx_word' id='word_1_31' title='bbox 758 517 907 556; x_wconf 79' lang='lat' dir='ltr'><strong>tamen·</strong></span> <span class='ocrx_word' id='word_1_32' title='bbox 934 510 1062 570; x_wconf 86' lang='lat' dir='ltr'><strong>quod</strong></span> <span class='ocrx_word' id='word_1_33' title='bbox 1080 522 1180 554; x_wconf 77' lang='lat' dir='ltr'><strong>&#39;non</strong></span> <span class='ocrx_word' id='word_1_34' title='bbox 1198 510 1360 568; x_wconf 80' lang='lat' dir='ltr'><strong>potuit,</strong></span> <span class='ocrx_word' id='word_1_35' title='bbox 1390 510 1499 569; x_wconf 84' lang='lat' dir='ltr'><strong>quin</strong></span> <span class='ocrx_word' id='word_1_36' title='bbox 1519 523 1738 554; x_wconf 85' lang='lat' dir='ltr'><strong>novorum</strong></span> 
     </span>
     <span class='ocr_line' id='line_1_5' title="bbox 180 577 1738 638; baseline -0.002 -15"><span class='ocrx_word' id='word_1_37' title='bbox 180 580 558 638; x_wconf 67' lang='lat' dir='ltr'><strong>seraper-occasio</strong></span> <span class='ocrx_word' id='word_1_38' title='bbox 577 577 968 630; x_wconf 52' lang='lat' dir='ltr'><strong>occurreren&gt;sive</strong></span> <span class='ocrx_word' id='word_1_39' title='bbox 989 586 1202 636; x_wconf 78' lang='lat' dir='ltr'><strong>magnum</strong></span> <span class='ocrx_word' id='word_1_40' title='bbox 1228 578 1355 636; x_wconf 79' lang='lat' dir='ltr'><strong>quid</strong></span> <span class='ocrx_word' id='word_1_41' title='bbox 1370 578 1531 636; x_wconf 84' lang='lat' dir='ltr'><strong>aliquis</strong></span> <span class='ocrx_word' id='word_1_42' title='bbox 1559 578 1738 628; x_wconf 79' lang='lat' dir='ltr'><strong>fecerat,</strong></span> 
     </span>
     <span class='ocr_line' id='line_1_6' title="bbox 179 644 1739 705; baseline -0.003 -14"><span class='ocrx_word' id='word_1_43' title='bbox 179 648 275 692; x_wconf 57' lang='lat' dir='ltr'><strong>sive</strong></span> <span class='ocrx_word' id='word_1_44' title='bbox 301 648 467 691; x_wconf 83' lang='lat' dir='ltr'><strong>virtute</strong></span> <span class='ocrx_word' id='word_1_45' title='bbox 494 647 770 705; x_wconf 79' lang='lat' dir='ltr'><strong>praestabat,</strong></span> <span class='ocrx_word' id='word_1_46' title='bbox 800 652 879 690; x_wconf 86' lang='lat' dir='ltr'><strong>aut</strong></span> <span class='ocrx_word' id='word_1_47' title='bbox 905 646 1029 697; x_wconf 81' lang='lat' dir='ltr'><strong>vitio,</strong></span> <span class='ocrx_word' id='word_1_48' title='bbox 1060 659 1177 703; x_wconf 85' lang='lat' dir='ltr'><strong>quae</strong></span> <span class='ocrx_word' id='word_1_49' title='bbox 1205 644 1309 688; x_wconf 89' lang='lat' dir='ltr'><strong>inde</strong></span> <span class='ocrx_word' id='word_1_50' title='bbox 1330 644 1424 704; x_wconf 82' lang='lat' dir='ltr'><strong>jam</strong></span> <span class='ocrx_word' id='word_1_51' title='bbox 1440 644 1739 704; x_wconf 82' lang='lat' dir='ltr'><strong>cognomenta</strong></span> 
     </span>
     <span class='ocr_line' id='line_1_7' title="bbox 179 707 1794 773; baseline -0.002 -14"><span class='ocrx_word' id='word_1_52' title='bbox 179 707 470 767; x_wconf 81' lang='lat' dir='ltr'><strong>ducebantur,</strong></span> <span class='ocrx_word' id='word_1_53' title='bbox 501 730 554 759; x_wconf 85' lang='lat' dir='ltr'><strong>ea</strong></span> <span class='ocrx_word' id='word_1_54' title='bbox 580 715 628 758; x_wconf 80' lang='lat' dir='ltr'><strong>in</strong></span> <span class='ocrx_word' id='word_1_55' title='bbox 658 716 930 771; x_wconf 84' lang='lat' dir='ltr'><strong>honorem*),</strong></span> <span class='ocrx_word' id='word_1_56' title='bbox 959 714 1039 758; x_wconf 80' lang='lat' dir='ltr'><strong>vel·</strong></span> <span class='ocrx_word' id='word_1_57' title='bbox 1059 714 1108 757; x_wconf 83' lang='lat' dir='ltr'><strong>in</strong></span> <span class='ocrx_word' id='word_1_58' title='bbox 1134 713 1374 761; x_wconf 79' lang='lat' dir='ltr'><strong>ludibrium</strong></span> <span class='ocrx_word' id='word_1_59' title='bbox 1382 714 1431 767; x_wconf 80' lang='lat'><strong>“)</strong></span> <span class='ocrx_word' id='word_1_60' title='bbox 1461 713 1647 773; x_wconf 87' lang='lat' dir='ltr'><strong>singulis</strong></span> <span class='ocrx_word' id='word_1_61' title='bbox 1678 713 1739 756; x_wconf 83' lang='lat' dir='ltr'><strong>vi-</strong></span> <span class='ocrx_word' id='word_1_62' title='bbox 1792 708 1794 710; x_wconf 51' lang='grc'>’</span> 
     </span>
     <span class='ocr_line' id='line_1_8' title="bbox 177 776 1738 841; baseline -0.002 -14"><span class='ocrx_word' id='word_1_63' title='bbox 177 784 240 827; x_wconf 87' lang='lat' dir='ltr'><strong>ris</strong></span> <span class='ocrx_word' id='word_1_64' title='bbox 260 783 434 827; x_wconf 86' lang='lat' dir='ltr'><strong>·.addita</strong></span> <span class='ocrx_word' id='word_1_65' title='bbox 460 783 789 841; x_wconf 79' lang='lat' dir='ltr'><strong>inaequalium</strong></span> <span class='ocrx_word' id='word_1_66' title='bbox 817 796 894 826; x_wconf 92' lang='lat' dir='ltr'><strong>ore</strong></span> <span class='ocrx_word' id='word_1_67' title='bbox 920 782 985 826; x_wconf 74' lang='lat' dir='ltr'><strong>ita</strong></span> <span class='ocrx_word' id='word_1_68' title='bbox 1011 781 1235 840; x_wconf 76' lang='lat' dir='ltr'><strong>vigebant,</strong></span> <span class='ocrx_word' id='word_1_69' title='bbox 1266 776 1323 825; x_wconf 89' lang='lat' dir='ltr'><strong>ut</strong></span> <span class='ocrx_word' id='word_1_70' title='bbox 1343 782 1390 825; x_wconf 89' lang='lat' dir='ltr'><strong>in</strong></span> <span class='ocrx_word' id='word_1_71' title='bbox 1411 779 1554 825; x_wconf 84' lang='lat' dir='ltr'><strong>multo</strong></span> <span class='ocrx_word' id='word_1_72' title='bbox 1570 781 1738 839; x_wconf 65' lang='lat' dir='ltr'><strong>majore</strong></span> 
     </span>
     <span class='ocr_line' id='line_1_9' title="bbox 176 848 1739 910; baseline -0.002 -14"><span class='ocrx_word' id='word_1_73' title='bbox 176 866 264 896; x_wconf 76' lang='lat' dir='ltr'><strong>usu</strong></span> <span class='ocrx_word' id='word_1_74' title='bbox 280 857 462 904; x_wconf 67' lang='lat' dir='ltr'><strong>essent,</strong></span> <span class='ocrx_word' id='word_1_75' title='bbox 503 866 634 910; x_wconf 84' lang='lat' dir='ltr'><strong>quam</strong></span> <span class='ocrx_word' id='word_1_76' title='bbox 674 857 831 909; x_wconf 80' lang='lat' dir='ltr'><strong>cetera.</strong></span> <span class='ocrx_word' id='word_1_77' title='bbox 854 855 873 885; x_wconf 68' lang='grc' dir='ltr'><em>Ἃ</em></span> <span class='ocrx_word' id='word_1_78' title='bbox 908 850 1181 894; x_wconf 81' lang='lat' dir='ltr'><strong>Proferimus</strong></span> <span class='ocrx_word' id='word_1_79' title='bbox 1225 850 1344 894; x_wconf 88' lang='lat' dir='ltr'><strong>hanc</strong></span> <span class='ocrx_word' id='word_1_80' title='bbox 1378 850 1426 893; x_wconf 89' lang='lat' dir='ltr'><strong>in</strong></span> <span class='ocrx_word' id='word_1_81' title='bbox 1443 848 1449 861; x_wconf 73' lang='lat'>²</span> <span class='ocrx_word' id='word_1_82' title='bbox 1460 865 1554 894; x_wconf 87' lang='lat' dir='ltr'><strong>rem</strong></span> <span class='ocrx_word' id='word_1_83' title='bbox 1591 849 1739 910; x_wconf 79' lang='lat' dir='ltr'><strong>Theo-&#39;-</strong></span> 
     </span>
     <span class='ocr_line' id='line_1_10' title="bbox 177 911 1738 979; baseline -0.001 -16"><span class='ocrx_word' id='word_1_84' title='bbox 177 919 435 978; x_wconf 71' lang='lat' dir='ltr'><strong>phi-astum,</strong></span> <span class='ocrx_word' id='word_1_85' title='bbox 467 921 597 979; x_wconf 86' lang='lat' dir='ltr'><strong>cujus</strong></span> <span class='ocrx_word' id='word_1_86' title='bbox 629 934 778 963; x_wconf 89' lang='lat' dir='ltr'><strong>verum</strong></span> <span class='ocrx_word' id='word_1_87' title='bbox 810 919 1013 978; x_wconf 77' lang='lat' dir='ltr'><strong>Tyrtami</strong></span> <span class='ocrx_word' id='word_1_88' title='bbox 1041 934 1209 963; x_wconf 86' lang='lat' dir='ltr'><strong>nomen.</strong></span> <span class='ocrx_word' id='word_1_89' title='bbox 1229 919 1303 963; x_wconf 87' lang='lat' dir='ltr'><strong>cui</strong></span> <span class='ocrx_word' id='word_1_90' title='bbox 1319 911 1473 963; x_wconf 69' lang='lat' dir='ltr'><strong>notum</strong></span> <span class='ocrx_word' id='word_1_91' title='bbox 1502 925 1583 970; x_wconf 88' lang='lat' dir='ltr'><strong>est,</strong></span> <span class='ocrx_word' id='word_1_92' title='bbox 1603 912 1738 978; x_wconf 56' lang='lat' dir='ltr'><strong>&#39;igno-</strong></span> 
     </span>
     <span class='ocr_line' id='line_1_11' title="bbox 181 986 1736 1046; baseline -0.001 -14"><span class='ocrx_word' id='word_1_93' title='bbox 181 994 273 1031; x_wconf 92' lang='lat' dir='ltr'><strong>tum</strong></span> <span class='ocrx_word' id='word_1_94' title='bbox 299 988 482 1032; x_wconf 88' lang='lat' dir='ltr'><strong>alterum</strong></span> <span class='ocrx_word' id='word_1_95' title='bbox 513 1003 541 1031; x_wconf 90' lang='lat' dir='ltr'><strong>a</strong></span> <span class='ocrx_word' id='word_1_96' title='bbox 571 988 723 1031; x_wconf 89' lang='lat' dir='ltr'><strong>divino</strong></span> <span class='ocrx_word' id='word_1_97' title='bbox 751 987 966 1046; x_wconf 86' lang='lat' dir='ltr'><strong>loquendi</strong></span> <span class='ocrx_word' id='word_1_98' title='bbox 995 988 1137 1031; x_wconf 90' lang='lat' dir='ltr'><strong>nitore</strong></span> <span class='ocrx_word' id='word_1_99' title='bbox 1166 988 1381 1046; x_wconf 79' lang='lat' dir='ltr'><strong>petitum?</strong></span> <span class='ocrx_word' id='word_1_100' title='bbox 1410 987 1483 1041; x_wconf 87' lang='lat' dir='ltr'><strong>(cf.</strong></span> <span class='ocrx_word' id='word_1_101' title='bbox 1505 987 1656 1042; x_wconf 83' lang='lat' dir='ltr'><strong>Quint.</strong></span> <span class='ocrx_word' id='word_1_102' title='bbox 1677 986 1736 1031; x_wconf 85' lang='lat' dir='ltr'><strong>X.</strong></span> 
     </span>
     <span class='ocr_line' id='line_1_12' title="bbox 180 1051 1737 1115; baseline 0 -15"><span class='ocrx_word' id='word_1_103' title='bbox 180 1057 217 1100; x_wconf 93' lang='lat'><strong>1.</strong></span> <span class='ocrx_word' id='word_1_104' title='bbox 247 1057 316 1107; x_wconf 86' lang='lat'><strong>83,</strong></span> <span class='ocrx_word' id='word_1_105' title='bbox 348 1057 435 1115; x_wconf 84' lang='lat' dir='ltr'><strong>Cic.</strong></span> <span class='ocrx_word' id='word_1_106' title='bbox 466 1057 590 1100; x_wconf 88' lang='lat' dir='ltr'><strong>Brut.</strong></span> <span class='ocrx_word' id='word_1_107' title='bbox 629 1056 714 1112; x_wconf 82' lang='lat'><strong>35).</strong></span> <span class='ocrx_word' id='word_1_108' title='bbox 759 1056 970 1099; x_wconf 82' lang='lat' dir='ltr'><strong>Similiter</strong></span> <span class='ocrx_word' id='word_1_109' title='bbox 1012 1051 1205 1099; x_wconf 80' lang='lat' dir='ltr'><strong>fortasse</strong></span> <span class='ocrx_word' id='word_1_110' title='bbox 1247 1056 1294 1100; x_wconf 89' lang='lat' dir='ltr'><strong>in</strong></span> <span class='ocrx_word' id='word_1_111' title='bbox 1328 1057 1526 1100; x_wconf 80' lang='lat' dir='ltr'><strong>Latrone</strong></span> <span class='ocrx_word' id='word_1_112' title='bbox 1558 1055 1737 1100; x_wconf 81' lang='lat' dir='ltr'><strong>factum.</strong></span> 
     </span>
     <span class='ocr_line' id='line_1_13' title="bbox 175 1123 1736 1183; baseline -0.001 -15"><span class='ocrx_word' id='word_1_113' title='bbox 175 1124 349 1168; x_wconf 84' lang='lat' dir='ltr'><strong>Habuit</strong></span> <span class='ocrx_word' id='word_1_114' title='bbox 375 1124 449 1167; x_wconf 75' lang='lat' dir='ltr'><strong>ille</strong></span> <span class='ocrx_word' id='word_1_115' title='bbox 479 1125 657 1183; x_wconf 87' lang='lat' dir='ltr'><strong>quidem</strong></span> <span class='ocrx_word' id='word_1_116' title='bbox 685 1124 871 1181; x_wconf 89' lang='lat' dir='ltr'><strong>primum</strong></span> <span class='ocrx_word' id='word_1_117' title='bbox 907 1125 1103 1181; x_wconf 87' lang='lat' dir='ltr'><strong>patrium·</strong></span> <span class='ocrx_word' id='word_1_118' title='bbox 1126 1138 1286 1167; x_wconf 89' lang='lat' dir='ltr'><strong>nomen</strong></span> <span class='ocrx_word' id='word_1_119' title='bbox 1315 1124 1590 1182; x_wconf 86' lang='lat' dir='ltr'><strong>cognominis</strong></span> <span class='ocrx_word' id='word_1_120' title='bbox 1617 1123 1736 1174; x_wconf 87' lang='lat' dir='ltr'><strong>loco,</strong></span> 
     </span>
     <span class='ocr_line' id='line_1_14' title="bbox 176 1190 1737 1251; baseline -0.001 -16"><span class='ocrx_word' id='word_1_121' title='bbox 176 1193 256 1236; x_wconf 89' lang='lat' dir='ltr'><strong>sed</strong></span> <span class='ocrx_word' id='word_1_122' title='bbox 287 1192 489 1236; x_wconf 85' lang='lat' dir='ltr'><strong>additum</strong></span> <span class='ocrx_word' id='word_1_123' title='bbox 519 1192 680 1236; x_wconf 86' lang='lat' dir='ltr'><strong>deinde</strong></span> <span class='ocrx_word' id='word_1_124' title='bbox 711 1191 836 1235; x_wconf 89' lang='lat' dir='ltr'><strong>aliud</strong></span> <span class='ocrx_word' id='word_1_125' title='bbox 866 1198 1230 1250; x_wconf 81' lang='lat' dir='ltr'><strong>cognomentum,</strong></span> <span class='ocrx_word' id='word_1_126' title='bbox 1261 1191 1385 1250; x_wconf 91' lang='lat' dir='ltr'><strong>quod</strong></span> <span class='ocrx_word' id='word_1_127' title='bbox 1415 1190 1737 1251; x_wconf 82' lang='lat' dir='ltr'><strong>significantius</strong></span> 
     </span>
     <span class='ocr_line' id='line_1_15' title="bbox 181 1253 1735 1319; baseline -0.001 -16"><span class='ocrx_word' id='word_1_128' title='bbox 181 1253 423 1310; x_wconf 80' lang='lat' dir='ltr'><strong>diceretur,</strong></span> <span class='ocrx_word' id='word_1_129' title='bbox 461 1260 578 1304; x_wconf 88' lang='lat' dir='ltr'><strong>illius</strong></span> <span class='ocrx_word' id='word_1_130' title='bbox 607 1261 755 1304; x_wconf 89' lang='lat' dir='ltr'><strong>locum</strong></span> <span class='ocrx_word' id='word_1_131' title='bbox 785 1261 979 1304; x_wconf 77' lang='lat' dir='ltr'><strong>obtinuit</strong></span> <span class='ocrx_word' id='word_1_132' title='bbox 1006 1267 1051 1303; x_wconf 88' lang='lat' dir='ltr'><strong>et</strong></span> <span class='ocrx_word' id='word_1_133' title='bbox 1079 1268 1290 1318; x_wconf 84' lang='lat' dir='ltr'><strong>tanquam</strong></span> <span class='ocrx_word' id='word_1_134' title='bbox 1321 1274 1568 1319; x_wconf 85' lang='lat' dir='ltr'><strong>cognomen</strong></span> <span class='ocrx_word' id='word_1_135' title='bbox 1596 1260 1642 1302; x_wconf 91' lang='lat' dir='ltr'><strong>in</strong></span> <span class='ocrx_word' id='word_1_136' title='bbox 1671 1259 1735 1302; x_wconf 88' lang='lat' dir='ltr'><strong>fa-</strong></span> 
     </span>
     <span class='ocr_line' id='line_1_16' title="bbox 175 1328 1737 1386; baseline -0.001 -14"><span class='ocrx_word' id='word_1_137' title='bbox 175 1328 334 1372; x_wconf 80' lang='lat' dir='ltr'><strong>miliam</strong></span> <span class='ocrx_word' id='word_1_138' title='bbox 373 1329 558 1375; x_wconf 86' lang='lat' dir='ltr'><strong>transiit.</strong></span> <span class='ocrx_word' id='word_1_139' title='bbox 633 1328 734 1382; x_wconf 80' lang='lat' dir='ltr'><strong>Quo</strong></span> <span class='ocrx_word' id='word_1_140' title='bbox 772 1328 950 1386; x_wconf 85' lang='lat' dir='ltr'><strong>quidem</strong></span> <span class='ocrx_word' id='word_1_141' title='bbox 986 1342 1067 1386; x_wconf 59' lang='lat' dir='ltr'><strong>eo3</strong></span> <span class='ocrx_word' id='word_1_142' title='bbox 1084 1328 1258 1384; x_wconf 71' lang='lat' dir='ltr'><strong>facilius</strong></span> <span class='ocrx_word' id='word_1_143' title='bbox 1295 1328 1545 1386; x_wconf 86' lang='lat' dir='ltr'><strong>Hispanum</strong></span> <span class='ocrx_word' id='word_1_144' title='bbox 1592 1328 1737 1386; x_wconf 91' lang='lat' dir='ltr'><strong>potuit</strong></span> 
     </span>
     <span class='ocr_line' id='line_1_17' title="bbox 174 1392 1735 1454; baseline 0.001 -15"><span class='ocrx_word' id='word_1_145' title='bbox 174 1396 366 1448; x_wconf 87' lang='lat' dir='ltr'><strong>aboleri,</strong></span> <span class='ocrx_word' id='word_1_146' title='bbox 406 1397 443 1439; x_wconf 89' lang='lat' dir='ltr'><strong>si</strong></span> <span class='ocrx_word' id='word_1_147' title='bbox 474 1397 629 1454; x_wconf 85' lang='lat' dir='ltr'><strong>paucis</strong></span> <span class='ocrx_word' id='word_1_148' title='bbox 660 1392 1025 1440; x_wconf 80' lang='lat' dir='ltr'><strong>Cordubensibus</strong></span> <span class='ocrx_word' id='word_1_149' title='bbox 1053 1396 1317 1439; x_wconf 85' lang='lat' dir='ltr'><strong>Porciorum</strong></span> <span class='ocrx_word' id='word_1_150' title='bbox 1354 1397 1531 1447; x_wconf 85' lang='lat' dir='ltr'><strong>nomine</strong></span> <span class='ocrx_word' id='word_1_151' title='bbox 1567 1398 1735 1442; x_wconf 82' lang='lat' dir='ltr'><strong>ornatis</strong></span> 
     </span>
     <span class='ocr_line' id='line_1_18' title="bbox 173 1460 1565 1523; baseline 0 -15"><span class='ocrx_word' id='word_1_152' title='bbox 173 1464 234 1509; x_wconf 84' lang='lat' dir='ltr'><strong>ad.</strong></span> <span class='ocrx_word' id='word_1_153' title='bbox 262 1465 404 1509; x_wconf 89' lang='lat' dir='ltr'><strong>virum</strong></span> <span class='ocrx_word' id='word_1_154' title='bbox 435 1464 857 1508; x_wconf 84' lang='lat' dir='ltr'><strong>denotandum-hoc</strong></span> <span class='ocrx_word' id='word_1_155' title='bbox 879 1465 974 1523; x_wconf 72' lang='lat' dir='ltr'><strong>Jam</strong></span> <span class='ocrx_word' id='word_1_156' title='bbox 1003 1464 1189 1508; x_wconf 82' lang='lat' dir='ltr'><strong>suffecit.</strong></span> <span class='ocrx_word' id='word_1_157' title='bbox 1563 1460 1565 1463; x_wconf 58' lang='grc'><strong>’</strong></span> 
     </span>
    </p>

    <p class='ocr_par' dir='ltr' id='par_1_2' title="bbox 163 1533 1736 2003">
     <span class='ocr_line' id='line_1_19' title="bbox 285 1533 1732 1593; baseline 0.001 -17"><span class='ocrx_word' id='word_1_158' title='bbox 285 1533 388 1576; x_wconf 88' lang='lat' dir='ltr'><strong>Hoc</strong></span> <span class='ocrx_word' id='word_1_159' title='bbox 424 1548 640 1576; x_wconf 84' lang='lat' dir='ltr'><strong>concesso</strong></span> <span class='ocrx_word' id='word_1_160' title='bbox 685 1533 786 1576; x_wconf 88' lang='lat' dir='ltr'><strong>sola</strong></span> <span class='ocrx_word' id='word_1_161' title='bbox 826 1534 1030 1591; x_wconf 84' lang='lat' dir='ltr'><strong>quaestio</strong></span> <span class='ocrx_word' id='word_1_162' title='bbox 1055 1540 1212 1583; x_wconf 64' lang='lat' dir='ltr'><strong>restat,</strong></span> <span class='ocrx_word' id='word_1_163' title='bbox 1260 1533 1371 1591; x_wconf 86' lang='lat' dir='ltr'><strong>quid</strong></span> <span class='ocrx_word' id='word_1_164' title='bbox 1398 1548 1645 1593; x_wconf 81' lang='lat' dir='ltr'><strong>cognomen</strong></span> <span class='ocrx_word' id='word_1_165' title='bbox 1670 1536 1732 1579; x_wconf 69' lang='lat' dir='ltr'><strong>&#39;si-</strong></span> 
     </span>
     <span class='ocr_line' id='line_1_20' title="bbox 172 1600 1735 1661; baseline 0.003 -17"><span class='ocrx_word' id='word_1_166' title='bbox 172 1600 362 1659; x_wconf 74' lang='lat' dir='ltr'><strong>gnificet</strong></span> <span class='ocrx_word' id='word_1_167' title='bbox 438 1600 621 1659; x_wconf 83' lang='lat' dir='ltr'><strong>Duplex</strong></span> <span class='ocrx_word' id='word_1_168' title='bbox 657 1608 726 1646; x_wconf 85' lang='lat' dir='ltr'><strong>est</strong></span> <span class='ocrx_word' id='word_1_169' title='bbox 761 1602 888 1646; x_wconf 85' lang='lat' dir='ltr'><strong>vocis</strong></span> <span class='ocrx_word' id='word_1_170' title='bbox 925 1601 1212 1660; x_wconf 80' lang='lat' dir='ltr'><strong>significatio:</strong></span> <span class='ocrx_word' id='word_1_171' title='bbox 1258 1602 1398 1661; x_wconf 87' lang='lat' dir='ltr'><strong>regii</strong></span> <span class='ocrx_word' id='word_1_172' title='bbox 1431 1603 1735 1661; x_wconf 87' lang='lat' dir='ltr'><strong>stipatoris</strong></span> 
     </span>
     <span class='ocr_line' id='line_1_21' title="bbox 171 1669 1736 1732; baseline 0.003 -20"><span class='ocrx_word' id='word_1_173' title='bbox 171 1669 308 1725; x_wconf 85' lang='lat' dir='ltr'><strong>prior,</strong></span> <span class='ocrx_word' id='word_1_174' title='bbox 322 1670 411 1713; x_wconf 77' lang='lat' dir='ltr'><strong>sed</strong></span> <span class='ocrx_word' id='word_1_175' title='bbox 429 1684 536 1712; x_wconf 87' lang='lat' dir='ltr'><strong>mox</strong></span> <span class='ocrx_word' id='word_1_176' title='bbox 556 1669 810 1713; x_wconf 83' lang='lat' dir='ltr'><strong>oblitterata</strong></span> <span class='ocrx_word' id='word_1_177' title='bbox 828 1670 902 1726; x_wconf 85' lang='lat' dir='ltr'><strong>(cf.</strong></span> <span class='ocrx_word' id='word_1_178' title='bbox 924 1670 1087 1713; x_wconf 83' lang='lat' dir='ltr'><strong>Varro.</strong></span> <span class='ocrx_word' id='word_1_179' title='bbox 1108 1670 1165 1713; x_wconf 88' lang='lat' dir='ltr'><strong>de</strong></span> <span class='ocrx_word' id='word_1_180' title='bbox 1184 1670 1289 1728; x_wconf 86' lang='lat' dir='ltr'><strong>ling.</strong></span> <span class='ocrx_word' id='word_1_181' title='bbox 1308 1671 1385 1714; x_wconf 85' lang='lat' dir='ltr'><strong>lat.</strong></span> <span class='ocrx_word' id='word_1_182' title='bbox 1410 1671 1485 1716; x_wconf 83' lang='lat' dir='ltr'><strong>VI.</strong></span> <span class='ocrx_word' id='word_1_183' title='bbox 1501 1671 1564 1732; x_wconf 64' lang='grc' dir='ltr'><strong>β),</strong></span> <span class='ocrx_word' id='word_1_184' title='bbox 1594 1673 1736 1716; x_wconf 80' lang='lat' dir='ltr'><strong>altera</strong></span> 
     </span>
     <span class='ocr_line' id='line_1_22' title="bbox 172 1736 1735 1799; baseline 0.002 -19"><span class='ocrx_word' id='word_1_185' title='bbox 172 1742 218 1781; x_wconf 84' lang='lat' dir='ltr'><strong>et</strong></span> <span class='ocrx_word' id='word_1_186' title='bbox 253 1736 450 1795; x_wconf 81' lang='lat' dir='ltr'><strong>vulgaris</strong></span> <span class='ocrx_word' id='word_1_187' title='bbox 488 1736 858 1794; x_wconf 85' lang='lat' dir='ltr'><strong>praedatoris.</strong></span> <span class='ocrx_word' id='word_1_188' title='bbox 931 1736 1026 1781; x_wconf 84' lang='lat' dir='ltr'><strong>Sed</strong></span> <span class='ocrx_word' id='word_1_189' title='bbox 1063 1737 1284 1781; x_wconf 82' lang='lat' dir='ltr'><strong>transiens</strong></span> <span class='ocrx_word' id='word_1_190' title='bbox 1316 1738 1362 1780; x_wconf 89' lang='lat' dir='ltr'><strong>in</strong></span> <span class='ocrx_word' id='word_1_191' title='bbox 1397 1737 1619 1790; x_wconf 87' lang='lat' dir='ltr'><strong>homines,</strong></span> <span class='ocrx_word' id='word_1_192' title='bbox 1656 1740 1735 1799; x_wconf 88' lang='lat' dir='ltr'><strong>qui</strong></span> 
     </span>
     <span class='ocr_line' id='line_1_23' title="bbox 163 1804 1734 1861; baseline 0.003 -14"><span class='ocrx_word' id='word_1_193' title='bbox 163 1804 383 1861; x_wconf 80' lang='lat' dir='ltr'><strong>justitiam</strong></span> <span class='ocrx_word' id='word_1_194' title='bbox 412 1811 609 1849; x_wconf 87' lang='lat' dir='ltr'><strong>evertere</strong></span> <span class='ocrx_word' id='word_1_195' title='bbox 639 1812 684 1848; x_wconf 88' lang='lat' dir='ltr'><strong>et</strong></span> <span class='ocrx_word' id='word_1_196' title='bbox 710 1806 913 1849; x_wconf 86' lang='lat' dir='ltr'><strong>malificia</strong></span> <span class='ocrx_word' id='word_1_197' title='bbox 942 1807 1213 1849; x_wconf 73' lang='lat' dir='ltr'><strong>committere</strong></span> <span class='ocrx_word' id='word_1_198' title='bbox 1241 1819 1348 1849; x_wconf 87' lang='lat' dir='ltr'><strong>non·</strong></span> <span class='ocrx_word' id='word_1_199' title='bbox 1361 1807 1651 1858; x_wconf 82' lang='lat' dir='ltr'><strong>verebantur,</strong></span> <span class='ocrx_word' id='word_1_200' title='bbox 1681 1815 1734 1852; x_wconf 90' lang='lat' dir='ltr'><strong>ut</strong></span> 
     </span>
     <span class='ocr_line' id='line_1_24' title="bbox 171 1872 1734 1931; baseline 0.003 -16"><span class='ocrx_word' id='word_1_201' title='bbox 171 1872 483 1931; x_wconf 80' lang='lat' dir='ltr'><strong>significabat</strong></span> <span class='ocrx_word' id='word_1_202' title='bbox 468 1873 647 1916; x_wconf 89' lang='lat' dir='ltr'><strong>omnino</strong></span> <span class='ocrx_word' id='word_1_203' title='bbox 668 1873 901 1917; x_wconf 80' lang='lat' dir='ltr'><strong>scelestum</strong></span> <span class='ocrx_word' id='word_1_204' title='bbox 921 1873 1147 1918; x_wconf 89' lang='lat' dir='ltr'><strong>hominem</strong></span> <span class='ocrx_word' id='word_1_205' title='bbox 1177 1888 1238 1917; x_wconf 79' lang='lat' dir='ltr'><strong>ac</strong></span> <span class='ocrx_word' id='word_1_206' title='bbox 1263 1874 1511 1925; x_wconf 86' lang='lat' dir='ltr'><strong>violentum,</strong></span> <span class='ocrx_word' id='word_1_207' title='bbox 1541 1876 1607 1919; x_wconf 85' lang='lat' dir='ltr'><strong>sic</strong></span> <span class='ocrx_word' id='word_1_208' title='bbox 1635 1891 1734 1920; x_wconf 81' lang='lat' dir='ltr'><strong>eum</strong></span> 
     </span>
     <span class='ocr_line' id='line_1_25' title="bbox 169 1942 1732 2015; baseline 0.004 -31"><span class='ocrx_word' id='word_1_209' title='bbox 169 1942 421 1998; x_wconf 82' lang='lat' dir='ltr'><strong>praecipue.</strong></span> <span class='ocrx_word' id='word_1_210' title='bbox 453 1942 529 1999; x_wconf 89' lang='lat' dir='ltr'><strong>qui</strong></span> <span class='ocrx_word' id='word_1_211' title='bbox 558 1942 795 1992; x_wconf 84' lang='lat' dir='ltr'><strong>latronum,</strong></span> <span class='ocrx_word' id='word_1_212' title='bbox 824 1943 968 1987; x_wconf 86' lang='lat' dir='ltr'><strong>instar</strong></span> <span class='ocrx_word' id='word_1_213' title='bbox 994 1944 1042 1996; x_wconf 80' lang='lat' dir='ltr'><strong>in</strong></span> <span class='ocrx_word' id='word_1_214' title='bbox 1067 1944 1383 2015; x_wconf 81' lang='lat' dir='ltr'><strong>rempublicam</strong></span> <span class='ocrx_word' id='word_1_215' title='bbox 1413 1946 1582 2003; x_wconf 86' lang='lat' dir='ltr'><strong>impetu</strong></span> <span class='ocrx_word' id='word_1_216' title='bbox 1611 1946 1732 1990; x_wconf 83' lang='lat' dir='ltr'><strong>facto</strong></span> 
     </span>
    </p>

    <p class='ocr_par' dir='ltr' id='par_1_3' title="bbox 170 2007 752 2067">
     <span class='ocr_line' id='line_1_26' title="bbox 170 2007 752 2067; baseline 0.004 -16"><span class='ocrx_word' id='word_1_217' title='bbox 170 2007 430 2053; x_wconf 81' lang='lat' dir='ltr'><strong>seditionem</strong></span> <span class='ocrx_word' id='word_1_218' title='bbox 467 2016 665 2053; x_wconf 85' lang='lat' dir='ltr'><strong>moveret</strong></span> <span class='ocrx_word' id='word_1_219' title='bbox 673 2010 752 2067; x_wconf 77' lang='grc'><strong>·“’.)</strong></span> 
     </span>
    </p>
   </div>
   <div class='ocr_carea' id='block_1_2' title="bbox 167 2136 438 2146">
    <p class='ocr_par' dir='ltr' id='par_1_4' title="bbox 167 2136 438 2146">
     <span class='ocr_line' id='line_1_27' title="bbox 167 2136 438 2146; baseline 0 0"><span class='ocrx_word' id='word_1_220' title='bbox 167 2136 438 2146; x_wconf 95' lang='lat' dir='ltr'><strong> </strong></span> 
     </span>
    </p>
   </div>
   <div class='ocr_carea' id='block_1_3' title="bbox 187 2215 1733 2326">
    <p class='ocr_par' dir='ltr' id='par_1_5' title="bbox 187 2215 1733 2326">
     <span class='ocr_line' id='line_1_28' title="bbox 187 2215 1574 2264; baseline 0.006 -14"><span class='ocrx_word' id='word_1_221' title='bbox 187 2247 192 2250; x_wconf 91' lang='grc'>.</span> <span class='ocrx_word' id='word_1_222' title='bbox 218 2255 221 2259; x_wconf 49' lang='grc'><em>,</em></span> <span class='ocrx_word' id='word_1_223' title='bbox 256 2215 285 2257; x_wconf 79' lang='lat'><strong>‘)</strong></span> <span class='ocrx_word' id='word_1_224' title='bbox 308 2215 416 2251; x_wconf 84' lang='lat' dir='ltr'><strong>Velut</strong></span> <span class='ocrx_word' id='word_1_225' title='bbox 431 2216 629 2260; x_wconf 64' lang='lat' dir='ltr'><strong>Africanus,</strong></span> <span class='ocrx_word' id='word_1_226' title='bbox 644 2216 886 2261; x_wconf 85' lang='lat' dir='ltr'><strong>Numantinus,</strong></span> <span class='ocrx_word' id='word_1_227' title='bbox 910 2217 1143 2262; x_wconf 83' lang='lat' dir='ltr'><strong>Censorinus,</strong></span> <span class='ocrx_word' id='word_1_228' title='bbox 1167 2219 1368 2264; x_wconf 79' lang='lat' dir='ltr'><strong>Cunctator,</strong></span> <span class='ocrx_word' id='word_1_229' title='bbox 1384 2220 1574 2258; x_wconf 79' lang='lat' dir='ltr'><strong>Maximus.</strong></span> 
     </span>
     <span class='ocr_line' id='line_1_29' title="bbox 257 2271 1733 2326; baseline 0.006 -20"><span class='ocrx_word' id='word_1_230' title='bbox 257 2271 304 2318; x_wconf 74' lang='grc'><strong>““)</strong></span> <span class='ocrx_word' id='word_1_231' title='bbox 330 2271 479 2308; x_wconf 85' lang='lat' dir='ltr'><strong>Senecio</strong></span> <span class='ocrx_word' id='word_1_232' title='bbox 509 2273 647 2320; x_wconf 88' lang='lat' dir='ltr'><strong>quidam</strong></span> <span class='ocrx_word' id='word_1_233' title='bbox 671 2275 729 2321; x_wconf 86' lang='lat' dir='ltr'><strong>qui</strong></span> <span class='ocrx_word' id='word_1_234' title='bbox 755 2286 895 2322; x_wconf 86' lang='lat' dir='ltr'><strong>semper</strong></span> <span class='ocrx_word' id='word_1_235' title='bbox 916 2276 1081 2322; x_wconf 85' lang='lat' dir='ltr'><strong>cupiebat</strong></span> <span class='ocrx_word' id='word_1_236' title='bbox 1107 2278 1252 2323; x_wconf 80' lang='lat' dir='ltr'><strong>grandia</strong></span> <span class='ocrx_word' id='word_1_237' title='bbox 1283 2278 1416 2319; x_wconf 81' lang='lat' dir='ltr'><strong>dicere,</strong></span> <span class='ocrx_word' id='word_1_238' title='bbox 1439 2280 1568 2326; x_wconf 77' lang='lat' dir='ltr'><strong>quique</strong></span> <span class='ocrx_word' id='word_1_239' title='bbox 1596 2291 1733 2324; x_wconf 77' lang='lat' dir='ltr'><strong>servos,</strong></span> 
     </span>
    </p>
   </div>
   <div class='ocr_carea' id='block_1_4' title="bbox 104 2329 1734 2384">
    <p class='ocr_par' dir='ltr' id='par_1_6' title="bbox 104 2329 1734 2384">
     <span class='ocr_line' id='line_1_30' title="bbox 104 2329 1734 2384; baseline 0.006 -21"><span class='ocrx_word' id='word_1_240' title='bbox 104 2367 106 2371; x_wconf 29' lang='lat'><strong><em>¹</em></strong></span> <span class='ocrx_word' id='word_1_241' title='bbox 167 2339 263 2372; x_wconf 84' lang='lat' dir='ltr'><strong>vasa,</strong></span> <span class='ocrx_word' id='word_1_242' title='bbox 291 2329 450 2373; x_wconf 86' lang='lat' dir='ltr'><strong>calceos,</strong></span> <span class='ocrx_word' id='word_1_243' title='bbox 482 2331 727 2374; x_wconf 87' lang='lat' dir='ltr'><strong>concubinam,</strong></span> <span class='ocrx_word' id='word_1_244' title='bbox 752 2331 866 2367; x_wconf 85' lang='lat' dir='ltr'><strong>onmia</strong></span> <span class='ocrx_word' id='word_1_245' title='bbox 887 2332 996 2367; x_wconf 88' lang='lat' dir='ltr'><strong>voluit</strong></span> <span class='ocrx_word' id='word_1_246' title='bbox 1015 2333 1164 2380; x_wconf 81' lang='lat' dir='ltr'><strong>&#39;grandia</strong></span> <span class='ocrx_word' id='word_1_247' title='bbox 1186 2334 1327 2378; x_wconf 85' lang='lat' dir='ltr'><strong>habere,</strong></span> <span class='ocrx_word' id='word_1_248' title='bbox 1350 2347 1478 2379; x_wconf 86' lang='lat' dir='ltr'><strong>nomen</strong></span> <span class='ocrx_word' id='word_1_249' title='bbox 1502 2336 1581 2372; x_wconf 89' lang='lat' dir='ltr'><strong>inde</strong></span> <span class='ocrx_word' id='word_1_250' title='bbox 1603 2338 1734 2384; x_wconf 84' lang='lat' dir='ltr'><strong>recepit</strong></span> 
     </span>
    </p>
   </div>
   <div class='ocr_carea' id='block_1_5' title="bbox 160 2385 1733 2899">
    <p class='ocr_par' dir='ltr' id='par_1_7' title="bbox 160 2385 1732 2899">
     <span class='ocr_line' id='line_1_31' title="bbox 166 2385 1730 2441; baseline 0.006 -20"><span class='ocrx_word' id='word_1_251' title='bbox 166 2385 377 2422; x_wconf 86' lang='lat' dir='ltr'><strong>Grandionis</strong></span> <span class='ocrx_word' id='word_1_252' title='bbox 394 2387 452 2433; x_wconf 73' lang='lat' dir='ltr'><strong>(eft</strong></span> <span class='ocrx_word' id='word_1_253' title='bbox 472 2387 555 2422; x_wconf 84' lang='lat' dir='ltr'><strong>Sen.</strong></span> <span class='ocrx_word' id='word_1_254' title='bbox 580 2399 674 2423; x_wconf 86' lang='lat' dir='ltr'><strong>suas.</strong></span> <span class='ocrx_word' id='word_1_255' title='bbox 694 2388 734 2424; x_wconf 92' lang='lat'><strong>11.</strong></span> <span class='ocrx_word' id='word_1_256' title='bbox 755 2389 823 2435; x_wconf 83' lang='lat'><strong>19).</strong></span> <span class='ocrx_word' id='word_1_257' title='bbox 863 2388 981 2425; x_wconf 84' lang='lat' dir='ltr'><strong>Notus</strong></span> <span class='ocrx_word' id='word_1_258' title='bbox 998 2390 1102 2425; x_wconf 84' lang='lat' dir='ltr'><strong>etiam</strong></span> <span class='ocrx_word' id='word_1_259' title='bbox 1126 2398 1181 2426; x_wconf 88' lang='lat' dir='ltr'><strong>est</strong></span> <span class='ocrx_word' id='word_1_260' title='bbox 1196 2392 1239 2429; x_wconf 89' lang='lat' dir='ltr'><strong>T.</strong></span> <span class='ocrx_word' id='word_1_261' title='bbox 1256 2394 1360 2428; x_wconf 87' lang='lat' dir='ltr'><strong>Atius</strong></span> <span class='ocrx_word' id='word_1_262' title='bbox 1376 2393 1562 2437; x_wconf 83' lang='lat' dir='ltr'><strong>Labienus,</strong></span> <span class='ocrx_word' id='word_1_263' title='bbox 1579 2395 1612 2429; x_wconf 88' lang='lat' dir='ltr'><strong>in</strong></span> <span class='ocrx_word' id='word_1_264' title='bbox 1627 2407 1730 2441; x_wconf 88' lang='lat' dir='ltr'><strong>quem</strong></span> 
     </span>
     <span class='ocr_line' id='line_1_32' title="bbox 164 2443 1729 2496; baseline 0.006 -19"><span class='ocrx_word' id='word_1_265' title='bbox 164 2443 313 2489; x_wconf 82' lang='lat' dir='ltr'><strong>primum</strong></span> <span class='ocrx_word' id='word_1_266' title='bbox 334 2444 532 2492; x_wconf 79' lang='lat' dir='ltr'><strong>excogitata</strong></span> <span class='ocrx_word' id='word_1_267' title='bbox 548 2449 604 2479; x_wconf 86' lang='lat' dir='ltr'><strong>est</strong></span> <span class='ocrx_word' id='word_1_268' title='bbox 619 2449 662 2480; x_wconf 84' lang='lat' dir='ltr'><strong>ea</strong></span> <span class='ocrx_word' id='word_1_269' title='bbox 676 2457 810 2492; x_wconf 83' lang='lat' dir='ltr'><strong>poena,</strong></span> <span class='ocrx_word' id='word_1_270' title='bbox 838 2450 877 2481; x_wconf 89' lang='lat' dir='ltr'><strong>ut</strong></span> <span class='ocrx_word' id='word_1_271' title='bbox 902 2457 1023 2481; x_wconf 85' lang='lat' dir='ltr'><strong>omnes</strong></span> <span class='ocrx_word' id='word_1_272' title='bbox 1053 2446 1130 2493; x_wconf 85' lang='lat' dir='ltr'><strong>ejus</strong></span> <span class='ocrx_word' id='word_1_273' title='bbox 1147 2448 1224 2484; x_wconf 88' lang='lat' dir='ltr'><strong>libri</strong></span> <span class='ocrx_word' id='word_1_274' title='bbox 1241 2449 1376 2496; x_wconf 80' lang='lat' dir='ltr'><strong>publice</strong></span> <span class='ocrx_word' id='word_1_275' title='bbox 1391 2450 1656 2486; x_wconf 79' lang='lat' dir='ltr'><strong>incenderentur</strong></span> <span class='ocrx_word' id='word_1_276' title='bbox 1670 2452 1729 2496; x_wconf 84' lang='lat' dir='ltr'><strong>(cf.</strong></span> 
     </span>
     <span class='ocr_line' id='line_1_33' title="bbox 165 2498 1731 2555; baseline 0.007 -21"><span class='ocrx_word' id='word_1_277' title='bbox 165 2498 249 2537; x_wconf 78' lang='lat' dir='ltr'><strong>Seu.</strong></span> <span class='ocrx_word' id='word_1_278' title='bbox 266 2506 375 2536; x_wconf 84' lang='lat' dir='ltr'><strong>contr.</strong></span> <span class='ocrx_word' id='word_1_279' title='bbox 392 2500 437 2536; x_wconf 88' lang='lat' dir='ltr'><strong>V.</strong></span> <span class='ocrx_word' id='word_1_280' title='bbox 459 2501 552 2549; x_wconf 85' lang='lat' dir='ltr'><strong>paef.</strong></span> <span class='ocrx_word' id='word_1_281' title='bbox 575 2502 667 2548; x_wconf 75' lang='lat'>321).</span> <span class='ocrx_word' id='word_1_282' title='bbox 713 2502 794 2538; x_wconf 82' lang='lat' dir='ltr'><strong>Fuit</strong></span> <span class='ocrx_word' id='word_1_283' title='bbox 817 2503 847 2549; x_wconf 86' lang='lat' dir='ltr'><strong>is</strong></span> <span class='ocrx_word' id='word_1_284' title='bbox 863 2507 964 2538; x_wconf 82' lang='lat' dir='ltr'><strong>atrox</strong></span> <span class='ocrx_word' id='word_1_285' title='bbox 981 2503 1114 2551; x_wconf 77' lang='lat' dir='ltr'><strong>imperii</strong></span> <span class='ocrx_word' id='word_1_286' title='bbox 1130 2505 1372 2550; x_wconf 83' lang='lat' dir='ltr'><strong>adversarius,</strong></span> <span class='ocrx_word' id='word_1_287' title='bbox 1395 2508 1431 2543; x_wconf 89' lang='lat' dir='ltr'><strong>in</strong></span> <span class='ocrx_word' id='word_1_288' title='bbox 1446 2507 1540 2555; x_wconf 90' lang='lat' dir='ltr'><strong>quod</strong></span> <span class='ocrx_word' id='word_1_289' title='bbox 1556 2509 1618 2543; x_wconf 85' lang='lat' dir='ltr'><strong>ut</strong></span> <span class='ocrx_word' id='word_1_290' title='bbox 1608 2521 1642 2544; x_wconf 90' lang='grc' dir='ltr'><strong>ιιι</strong></span> <span class='ocrx_word' id='word_1_291' title='bbox 1658 2510 1731 2545; x_wconf 84' lang='lat' dir='ltr'><strong>sin·</strong></span> 
     </span>
     <span class='ocr_line' id='line_1_34' title="bbox 163 2555 1733 2613; baseline 0.006 -22"><span class='ocrx_word' id='word_1_292' title='bbox 163 2555 266 2602; x_wconf 83' lang='lat' dir='ltr'><strong>gulos</strong></span> <span class='ocrx_word' id='word_1_293' title='bbox 283 2561 417 2593; x_wconf 84' lang='lat' dir='ltr'><strong>summa</strong></span> <span class='ocrx_word' id='word_1_294' title='bbox 433 2569 541 2606; x_wconf 84' lang='lat' dir='ltr'><strong>saepe</strong></span> <span class='ocrx_word' id='word_1_295' title='bbox 556 2560 747 2595; x_wconf 79' lang='lat' dir='ltr'><strong>acerbitate</strong></span> <span class='ocrx_word' id='word_1_296' title='bbox 761 2564 799 2596; x_wconf 85' lang='lat' dir='ltr'><strong>et</strong></span> <span class='ocrx_word' id='word_1_297' title='bbox 818 2560 900 2596; x_wconf 89' lang='lat' dir='ltr'><strong>odio</strong></span> <span class='ocrx_word' id='word_1_298' title='bbox 917 2560 1073 2597; x_wconf 82' lang='lat' dir='ltr'><strong>invectus</strong></span> <span class='ocrx_word' id='word_1_299' title='bbox 1090 2562 1135 2597; x_wconf 85' lang='lat' dir='ltr'><strong>ab</strong></span> <span class='ocrx_word' id='word_1_300' title='bbox 1149 2563 1355 2609; x_wconf 77' lang='lat' dir='ltr'><strong>aequalibus</strong></span> <span class='ocrx_word' id='word_1_301' title='bbox 1369 2575 1497 2600; x_wconf 82' lang='lat' dir='ltr'><strong>nomen</strong></span> <span class='ocrx_word' id='word_1_302' title='bbox 1511 2566 1648 2613; x_wconf 83' lang='lat' dir='ltr'><strong>acecpit</strong></span> <span class='ocrx_word' id='word_1_303' title='bbox 1660 2565 1733 2602; x_wconf 79' lang='lat' dir='ltr'><strong>Ra-</strong></span> 
     </span>
     <span class='ocr_line' id='line_1_35' title="bbox 162 2612 1732 2667; baseline 0.008 -19"><span class='ocrx_word' id='word_1_304' title='bbox 162 2612 256 2649; x_wconf 88' lang='lat' dir='ltr'><strong>bieni</strong></span> <span class='ocrx_word' id='word_1_305' title='bbox 277 2614 374 2660; x_wconf 88' lang='lat' dir='ltr'><strong>(ibid.</strong></span> <span class='ocrx_word' id='word_1_306' title='bbox 390 2615 491 2662; x_wconf 83' lang='lat'><strong>320).</strong></span> <span class='ocrx_word' id='word_1_307' title='bbox 513 2636 559 2643; x_wconf 90' lang='lat'><strong>·-—</strong></span> <span class='ocrx_word' id='word_1_308' title='bbox 582 2616 841 2654; x_wconf 84' lang='lat' dir='ltr'><strong>Commemorat</strong></span> <span class='ocrx_word' id='word_1_309' title='bbox 863 2617 1012 2665; x_wconf 86' lang='lat' dir='ltr'><strong>denique</strong></span> <span class='ocrx_word' id='word_1_310' title='bbox 1033 2618 1157 2655; x_wconf 83' lang='lat' dir='ltr'><strong>Horat.</strong></span> <span class='ocrx_word' id='word_1_311' title='bbox 1184 2625 1249 2656; x_wconf 81' lang='lat' dir='ltr'><strong>sat.</strong></span> <span class='ocrx_word' id='word_1_312' title='bbox 1272 2620 1314 2661; x_wconf 89' lang='lat'><strong>11.</strong></span> <span class='ocrx_word' id='word_1_313' title='bbox 1336 2621 1368 2657; x_wconf 83' lang='lat'><strong>2.</strong></span> <span class='ocrx_word' id='word_1_314' title='bbox 1391 2621 1437 2658; x_wconf 85' lang='lat'><strong>56</strong></span> <span class='ocrx_word' id='word_1_315' title='bbox 1452 2621 1671 2667; x_wconf 77' lang='lat' dir='ltr'><strong>Avidienum,</strong></span> <span class='ocrx_word' id='word_1_316' title='bbox 1686 2644 1732 2652; x_wconf 90' lang='lat'>—</span> 
     </span>
     <span class='ocr_line' id='line_1_36' title="bbox 163 2670 1725 2724; baseline 0.007 -19.164"><span class='ocrx_word' id='word_1_317' title='bbox 163 2670 241 2713; x_wconf 87' lang='lat' dir='ltr'><strong>„cui</strong></span> <span class='ocrx_word' id='word_1_318' title='bbox 263 2670 370 2706; x_wconf 84' lang='lat' dir='ltr'><strong>Canis</strong></span> <span class='ocrx_word' id='word_1_319' title='bbox 397 2684 442 2707; x_wconf 89' lang='lat' dir='ltr'><strong>ex</strong></span> <span class='ocrx_word' id='word_1_320' title='bbox 463 2684 548 2708; x_wconf 88' lang='lat' dir='ltr'><strong>vero</strong></span> <span class='ocrx_word' id='word_1_321' title='bbox 570 2673 699 2709; x_wconf 88' lang='lat' dir='ltr'><strong>dictum</strong></span> <span class='ocrx_word' id='word_1_322' title='bbox 723 2686 918 2722; x_wconf 88' lang='lat' dir='ltr'><strong>cognomen</strong></span> <span class='ocrx_word' id='word_1_323' title='bbox 939 2675 1149 2720; x_wconf 49' lang='lat' dir='ltr'><strong>adhaeretss</strong></span> <span class='ocrx_word' id='word_1_324' title='bbox 1171 2683 1316 2724; x_wconf 80' lang='lat' dir='ltr'><strong>propter</strong></span> <span class='ocrx_word' id='word_1_325' title='bbox 1337 2678 1514 2714; x_wconf 88' lang='lat' dir='ltr'><strong>sordidum</strong></span> <span class='ocrx_word' id='word_1_326' title='bbox 1537 2676 1612 2716; x_wconf 84' lang='lat' dir='ltr'><strong>scil.</strong></span> <span class='ocrx_word' id='word_1_327' title='bbox 1633 2682 1725 2718; x_wconf 80' lang='lat' dir='ltr'><strong>vitae</strong></span> 
     </span>
     <span class='ocr_line' id='line_1_37' title="bbox 163 2728 472 2763; baseline 0.016 -2"><span class='ocrx_word' id='word_1_328' title='bbox 163 2728 301 2763; x_wconf 84' lang='lat' dir='ltr'><strong>cultum.</strong></span> <span class='ocrx_word' id='word_1_329' title='bbox 470 2750 472 2753; x_wconf 92' lang='lat'>·</span> 
     </span>
     <span class='ocr_line' id='line_1_38' title="bbox 256 2780 1732 2840; baseline 0.007 -20"><span class='ocrx_word' id='word_1_330' title='bbox 256 2785 302 2801; x_wconf 76' lang='lat'><strong>”⁰</strong></span> <span class='ocrx_word' id='word_1_331' title='bbox 303 2786 318 2831; x_wconf 87' lang='lat'>)</span> <span class='ocrx_word' id='word_1_332' title='bbox 344 2785 502 2822; x_wconf 82' lang='lat' dir='ltr'><strong>Sallust</strong></span> <span class='ocrx_word' id='word_1_333' title='bbox 492 2799 527 2822; x_wconf 90' lang='grc' dir='ltr'><strong>ιιι</strong></span> <span class='ocrx_word' id='word_1_334' title='bbox 543 2792 633 2825; x_wconf 83' lang='lat' dir='ltr'><strong>orat.</strong></span> <span class='ocrx_word' id='word_1_335' title='bbox 647 2786 797 2836; x_wconf 82' lang='lat' dir='ltr'><strong>Philippi</strong></span> <span class='ocrx_word' id='word_1_336' title='bbox 812 2789 831 2834; x_wconf 68' lang='grc'>5</span> <span class='ocrx_word' id='word_1_337' title='bbox 846 2789 867 2824; x_wconf 79' lang='lat'><strong>7</strong></span> <span class='ocrx_word' id='word_1_338' title='bbox 879 2788 1050 2837; x_wconf 81' lang='lat' dir='ltr'><strong>Lepidum</strong></span> <span class='ocrx_word' id='word_1_339' title='bbox 1056 2790 1143 2826; x_wconf 86' lang='lat' dir='ltr'><strong>dixit</strong></span> <span class='ocrx_word' id='word_1_340' title='bbox 1153 2791 1321 2827; x_wconf 83' lang='lat' dir='ltr'><strong>latronem</strong></span> <span class='ocrx_word' id='word_1_341' title='bbox 1332 2803 1420 2835; x_wconf 83' lang='lat' dir='ltr'><strong>cum,</strong></span> <span class='ocrx_word' id='word_1_342' title='bbox 1436 2794 1595 2840; x_wconf 83' lang='lat' dir='ltr'><strong>quamvis</strong></span> <span class='ocrx_word' id='word_1_343' title='bbox 1608 2780 1732 2832; x_wconf 67' lang='grc' dir='ltr'><strong>οοιιειιι</strong></span> 
     </span>
     <span class='ocr_line' id='line_1_39' title="bbox 160 2844 1730 2899; baseline 0.007 -22"><span class='ocrx_word' id='word_1_344' title='bbox 160 2847 267 2886; x_wconf 79' lang='lat' dir='ltr'><strong>esset,</strong></span> <span class='ocrx_word' id='word_1_345' title='bbox 284 2854 351 2879; x_wconf 82' lang='lat' dir='ltr'><strong>suo</strong></span> <span class='ocrx_word' id='word_1_346' title='bbox 368 2844 545 2889; x_wconf 82' lang='lat' dir='ltr'><strong>arbitratu,</strong></span> <span class='ocrx_word' id='word_1_347' title='bbox 562 2850 687 2881; x_wconf 79' lang='lat' dir='ltr'><strong>senatu</strong></span> <span class='ocrx_word' id='word_1_348' title='bbox 700 2846 820 2891; x_wconf 86' lang='lat' dir='ltr'><strong>invito,</strong></span> <span class='ocrx_word' id='word_1_349' title='bbox 835 2852 968 2895; x_wconf 81' lang='lat' dir='ltr'><strong>ageret,</strong></span> <span class='ocrx_word' id='word_1_350' title='bbox 992 2848 1159 2896; x_wconf 75' lang='lat' dir='ltr'><strong>„privatis</strong></span> <span class='ocrx_word' id='word_1_351' title='bbox 1174 2850 1281 2885; x_wconf 76' lang='lat' dir='ltr'><strong>armis</strong></span> <span class='ocrx_word' id='word_1_352' title='bbox 1297 2850 1546 2897; x_wconf 69' lang='lat' dir='ltr'><strong>opprimundae</strong></span> <span class='ocrx_word' id='word_1_353' title='bbox 1561 2852 1673 2899; x_wconf 75' lang='lat' dir='ltr'><strong>captis</strong></span> <span class='ocrx_word' id='word_1_354' title='bbox 1685 2847 1730 2889; x_wconf 59' lang='lat' dir='ltr'><strong>&#39;li&#39;-</strong></span> 
     </span>
    </p>
   </div>
  </div>
 </body>
</html>
