1888 3090
919 216 977 265 ‚4

171 375 287 418 quae
322 361 456 405 haud
493 361 632 406 multo
670 344 775 403 ante
810 361 856 402 in
894 360 1042 403 nullo
1056 360 1246 406 fuissent
1279 360 1482 413 honore,
1512 367 1736 419 tanquam

168 429 310 472 libero
348 431 446 473 viro
485 435 529 472 et
556 429 760 473 Romano
798 428 1000 486 indigna,
1038 428 1085 471 in
1114 442 1168 474 ea
1187 412 1349 476 stud-ia
1368 430 1462 506 jam
1487 429 1616 476 multi
1644 429 1740 473 dili·

168 502 324 555 genter
359 496 697 547 incumbebant,
729 501 773 539 et
802 510 857 538 ex
887 495 958 539 his
992 496 1072 539 viri
1101 496 1174 539 vel
1203 497 1392 544 maxime
1421 497 1483 544 in
1504 496 1737 554 republica

168 566 367 623 eximii'),
407 566 672 609 doctrinam
691 571 839 609 tamen
875 565 1190 622 relinquebant
1224 565 1439 612 libertinis
1478 575 1522 610 et
1552 565 1736 613 homini·

167 633 253 676 bus
282 633 440 677 humili
468 633 573 676 loco
603 634 741 676 natis:
789 639 956 689 „turpe
993 637 1091 675 erat
1119 631 1302 682 docere,
1341 633 1470 690 quod
1498 633 1735 679 honestum

168 707 265 745 erat
293 701 493 755 discerej‘
523 700 598 758 (cf.
629 700 731 747 Seu.
760 706 902 753 contr.
932 700 987 744 11.
1018 701 1159 758 praet.
1184 699 1277 752 134,
1307 701 1521 745 Bonnell:
1557 701 1613 745 de
1642 716 1736 744 mu-
1765 730 1769 735 -
1830 733 1832 735 .

168 774 264 812 tata
301 770 386 812 sub
413 770 570 827 primis
602 769 866 813 Caesaribus
895 763 1176 826 eloquentiae
1205 768 1432 813 Romanae
1462 769 1735 820 condicione,

167 837 367 894 inprimis
397 837 454 881 de
482 837 710 880 rhetorum
740 836 908 881 scholis
937 842 1167 880 comment.
1189 836 1294 880 hist.
1309 837 1520 899 -Bprolini
1542 837 1663 884 1836.
1693 837 1734 889 4,

166 920 212 963 p.
247 905 299 948 14
329 911 373 949 et
405 906 487 962 15).
546 905 705 963 Neque
732 905 900 963 recepit
936 905 1134 963 magistri
1172 919 1332 949 munus
1360 905 1557 964 aliquam
1586 912 1737 953 aucto—

166 974 366 1026 ritatem,
397 989 495 1017 cum
515 973 742 1025 Blandus,
772 988 912 1032 eques
940 973 1192 1029 Romanus,
1222 973 1365 1017 nobili
1392 974 1494 1019 loco
1524 980 1662 1027 ortus,
1692 981 1736 1020 et

166 1042 265 1099 ipse
294 1042 492 1085 scholam
522 1042 765 1093 habuisset,
796 1042 877 1085 sed
905 1041 980 1085 hic
1009 1041 1248 1100 singularis
1269 1047 1365 1085 erat
1383 1042 1498 1087 inter
1514 1043 1733 1101 reliquam

171 1109 480 1153 libertinorum
519 1116 563 1154 et
598 1110 938 1167 provincialium
967 1110 1164 1160 turbam,
1203 1110 1349 1153 donec
1386 1125 1415 1153 a
1450 1110 1734 1168 Vespasiano

166 1177 335 1234 publici
353 1178 635 1235 professores
654 1178 885 1221 constituti
905 1184 1024 1221 sunt.
1061 1178 1149 1221 -Ad
1166 1178 1465 1237 magisterium
1484 1177 1621 1236 igitur
1642 1179 1728 1237 qui

165 1244 374 1288 Porcium
406 1246 598 1303 aliquem
613 1278 623 1296 ‚
662 1253 813 1289 tantae
843 1261 899 1289 ex
927 1246 1173 1304 majoribus
1203 1246 1373 1304 gloriae
1403 1245 1631 1297 heredem,
1660 1246 1736 1291 de-

165 1313 395 1357 scendisse
430 1319 581 1372 putet,
618 1314 696 1356 vix
735 1314 970 1372 quisquam
1001 1314 1265 1358 inveniatur.
1323 1313 1575 1364 Praeterea,
1604 1314 1733 1372 quod

164 1380 334 1424 Seneca
364 1388 503 1425 contr.
534 1382 589 1425 H.
616 1382 757 1440 praef.
790 1382 872 1425 134
902 1397 929 1426 a
948 1382 1125 1426 Blando
1156 1396 1318 1425 novam
1349 1382 1481 1439 quasi
1509 1383 1616 1426 artis
1636 1382 1735 1426 rhe-

164 1449 332 1492 toricae
362 1450 525 1508 repetit
553 1452 883 1500 auctoritatem,
924 1465 1005 1493 cur
1033 1449 1214 1494 tandem
1242 1440 1392 1493 Porcii
1423 1449 1625 1508 aequalis
1653 1465 1735 1495 nec

165 1518 310 1562 minus
339 1518 479 1561 nobili
507 1518 610 1562 loco
641 1519 735 1563 nati
765 1519 1013 1577 exemplum
1043 1519 1283 1569 omisisset,
1313 1520 1444 1596 qu'us
1472 1519 1733 1577 praesertim

163 1590 363 1629 uteretur
391 1586 718 1646 familiaritate?
763 1588 865 1632 Alia
902 1593 1157 1645 praetereo,
1193 1601 1266 1629 res
1306 1587 1418 1629 enim
1458 1593 1527 1630 est
1564 1596 1732 1644 aperta.

162 1653 373 1698 Profecto
404 1643 572 1699 etiamsi
600 1654 792 1699 Porcios
823 1655 1077 1700 Cordubam
1111 1655 1325 1712 migrasse
1355 1654 1567 1699 traditum
1596 1654 1731 1699 habe-

160 1736 328 1771 remus,
367 1726 605 1766 Latronem
633 1724 875 1780 ingenuum
907 1728 1060 1766 eorum
1099 1722 1306 1780 gentilem
1334 1723 1459 1765 nullo
1489 1723 1625 1780 modo
1656 1738 1736 1781 pu-

161 1793 369 1841 taremus,
399 1791 552 1849 itaque
580 1805 637 1834 ne
666 1791 916 1834 Romanum
946 1790 1142 1848 quidem.

272 1857 532 1908 Statuamus
561 1872 669 1917 ergo
700 1854 972 1902 hominem
1010 1856 1438 1915 provincialem,
1475 1858 1636 1915 qu‘us
1663 1858 1737 1902 fa·-

158 1925 308 1969 milia
345 1940 373 1970 a
408 1926 613 1972 Porcio
652 1927 845 1987 aliquo
884 1928 939 1971 in
969 1927 1252 1971 civitatem
1289 1930 1341 1968 et
1378 1925 1561 1984 gentis
1599 1940 1733 1972 suae

159 2008 356 2038 nomen
387 1997 571 2039 ascita
602 2002 760 2063 Q
818 1997 878 2040 Et
908 2012 963 2041 ex
992 1996 1063 2039 his
1085 1994 1268 2053 quidem
1289 2008 1389 2038 cum
1407 1994 1607 2039 unusM.
1627 1994 1737 2039 Por-

159 2061 254 2104 cius
287 2061 398 2106 Cato
432 2052 715 2107 Censorius
699 2064 747 2108 in
775 2064 998 2123 Hispania
1027 2069 1235 2107 versatus
1266 2062 1336 2112 sit,
1368 2074 1488 2105 anno
1520 2061 1604 2105 559
1623 2076 1668 2119 p.
1688 2078 1732 2114 u.

161 2131 247 2174 195
279 2146 319 2174 a.
353 2131 431 2174 Ch.
464 2133 623 2176 consul
653 2132 799 2176 factus
830 2148 932 2176 cum
961 2132 1013 2176 I.
1045 2131 1229 2175 Valerio
1259 2132 1424 2178 Flacco
1451 2131 1524 2188 (cf.
1544 2131 1642 2176 Liv
1663 2131 1731 2176 32.

157 2199 229 2252 43,
259 2200 380 2243 Plut.
413 2200 524 2250 Cato
557 2200 626 2255 10)
655 2200 949 2244 hic¹nominis
980 2207 1139 2244 auctor
1167 2200 1347 2244 videtur
1375 2200 1528 2246 fuisse.

277 2265 568 2312 Difficultatis
586 2276 746 2320 autem,
764 2284 879 2327 quae
890 2284 944 2312 ex
954 2269 1221 2327 cognomine
1232 2268 1630 2320 oriturstollendae
1645 2284 1734 2313 una

164 2335 342 2380 videtur
372 2350 471 2380 esse
499 2336 586 2380 via.
648 2336 936 2395 Cognomina.
968 2336 1132 2394 quibus
1163 2337 1314 2394 primis
1343 2336 1617 2395 temporibus
1646 2337 1734 2382 sin·

244 2496 274 2542 ’)
299 2495 534 2532 Declamabat
557 2495 684 2533 Cicero
715 2497 761 2533 ad
789 2502 988 2545 praeturam
1018 2508 1130 2543 usque
1155 2492 1293 2532 Graece
1303 2523 1313 2540 ,
1343 2496 1467 2533 Latine
1497 2508 1583 2532 vero
1615 2497 1734 2532 senior

156 2553 214 2598 (cf.
233 2553 332 2591 Suet.
357 2553 402 2589 de
427 2553 510 2591 clar.
532 2554 621 2592 rhet.
636 2554 663 2597 1,
681 2553 755 2589 Cic.
773 2566 850 2601 epp.
868 2555 913 2591 ad
929 2554 996 2598 Qu.
1013 2554 1072 2590 Fr.
1088 2554 1147 2589 111.
1162 2554 1195 2590 3.
1210 2555 1244 2597 4,
1263 2554 1345 2590 Sen.
1358 2560 1473 2591 contr.
1488 2555 1515 2590 1.
1531 2557 1641 2602 praet.
1657 2555 1731 2599 63),

153 2609 372 2645 declamabat
394 2608 457 2645 Cn.
475 2609 667 2657 Pompejus
691 2611 757 2646 sub
774 2611 886 2658 ipsum
904 2611 1029 2647 bellum
1047 2611 1146 2647 civile
1159 2637 1168 2654 ‚
1192 2622 1306 2659 neque
1330 2612 1522 2647 omiserunt
1545 2623 1622 2647 eam
1646 2623 1731 2648 con-

154 2666 373 2702 suetudinem
388 2666 440 2704 M.
457 2667 634 2703 Antonius
652 2673 713 2703 aut
728 2668 923 2715 Augustus,
941 2681 1018 2704 cum
1034 2667 1225 2704 Mutinensi
1241 2668 1334 2704 bello
1351 2674 1472 2704 essent
1489 2669 1659 2716 occupati'
1673 2668 1731 2721 (cf.

156 2724 254 2759 Suet.
270 2724 292 2761 l.
309 2726 356 2769 l.).
398 2724 563 2760 scholam
580 2736 687 2771 porro
706 2725 901 2772 Gniphonis
919 2726 1002 2762 clari
1019 2726 1092 2768 viri,
1110 2726 1145 2760 in
1160 2726 1214 2760 his
1231 2725 1357 2761 Cicero
1373 2731 1516 2773 praetor
1530 2722 1731 2773 fi'equenta-

158 2786 281 2816 verunt
297 2781 356 2825 (cf.
375 2781 473 2817 Suet.
498 2781 520 2818 l.
553 2781 574 2818 l.
592 2781 612 2815 7
628 2782 642 2827 )
660 2781 768 2817 Cestii
785 2782 992 2817 auditorium
1009 2783 1148 2817 intravit
1163 2781 1310 2818 Cassius
1327 2782 1493 2825 Severus,
1511 2795 1589 2818 cum
1604 2783 1732 2818 recita-

156 2842 256 2873 turus
274 2842 372 2873 esset
387 2838 443 2872 ille
456 2838 494 2873 in
509 2838 679 2874 Milonem
697 2839 756 2884 (cf.
774 2839 857 2874 Sen.
876 2846 985 2875 contr.
1003 2851 1082 2875 exc.
1096 2839 1143 2874 111
1158 2851 1191 2886 p.
1208 2839 1301 2885 399),
1321 2851 1437 2886 neque
1452 2839 1658 2875 Messallam
1673 2845 1734 2876 aut

157 2893 352 2930 Pollionem
361 2892 442 2940 jure
460 2895 601 2931 omittas
621 2907 642 2931 a
660 2896 795 2933 Seneca
814 2897 956 2944 saepius
973 2909 1052 2933 eum
1069 2897 1145 2933 aliis
1161 2897 1359 2934 rhetoribus
1376 2898 1605 2944 compositos.
