1888 3090
926 166 1019 258 ss

509 464 609 566 De
646 422 986 590 isati-oni:
989 457 1374 585 juventute.

270 622 341 670 De
368 621 579 677 Latronis
600 625 842 685 ⁴iuventute
868 625 981 669 nihil
1007 626 1100 670 fere
1126 627 1452 686 cognoscimus,
1484 628 1569 672 nisi
1601 624 1726 685 quod·

157 708 258 739 cum
281 696 459 746 Seneca
485 693 825 744 familiarissima
853 701 899 739 et
926 695 1045 740 vitae
1076 701 1121 740 et
1147 695 1399 741 studiorum
1420 696 1634 751 societate
1652 695 1718 745 vi,-

157 765 226 807 xit
262 760 518 814 Cordubae,
555 770 609 808 ut
635 764 661 821 §
692 761 721 806 2
756 764 1061 821 probavimus.
1135 764 1360 818 Educatio
1398 772 1446 810 et
1477 766 1722 809 littei-arum

157 833 375 879 institutio
406 838 537 880 certe,
553 846 631 876 eae
660 830 862 883 fuerunt,
883 831 1061 891 rquales
1089 831 1189 877 illis
1207 834 1485 892 temporibus
1515 832 1721 878 omnibus

156 898 282 944 haud
319 900 470 945 infimo
507 900 610 944 loco
649 898 853 950 oriundis
891 900 1115 945 dabantur
1150 901 1223 957 (cf.
1262 901 1531 959 Bernhardy
1567 916 1623 958 p⁸¹
1654 898 1718 944 1,'7;

157 971 275 1027 seq):
313 968 425 1012 adiit
468 968 658 1026 primum
695 968 968 1027 grammatici
1004 968 1227 1020 scholam,
1271 974 1365 1012 tum
1403 968 1464 1012 ad
1498 969 1722 1013 rhetorem

157 1034 372 1080 ascendit.
424 1036 527 1090 Qua
554 1036 605 1080 in
619 1047 678 1080 re
696 1036 934 1080 si·Seneca
963 1042 1008 1080 et
1036 1051 1166 1080 suum
1194 1043 1239 1080 et
1266 1036 1477 1080 Latronis
1504 1050 1719 1095 praecep·
1760 1048 1763 1051 ·

155 1106 296 1150 torem
332 1105 523 1161 unicum*
549 1104 754 1148 nominat
789 1104 1040 1148 Romanuin
1059 1104 1313 1168 Manlium,
1355 1103 1413 1148 de
1442 1103 1721 1149 Cordubensi

155 1173 294 1218 altum
331 1178 452 1217 tenet
481 1172 723 1223 silentium,
759 1172 864 1216 inde
903 1172 981 1230 qui
1016 1178 1155 1216 artem
1188 1172 1460 1218 rhetoricam
1495 1187 1574 1217 eos
1613 1187 1717 1217 con-

155 1239 350 1286 tenderit
385 1240 554 1285 Romae
589 1239 764 1289 demum
798 1240 856 1283 ab
897 1240 1125 1284 elementis
1163 1240 1373 1285 didicisse
1408 1234 1534 1299 apud
1568 1240 1718 1285 Maril-

154 1308 260 1359 lum,
290 1312 406 1354 inter
432 1324 583 1357 veram
612 1315 657 1352 et
690 1308 849 1351 falsam
879 1309 1136 1365 opinionem
1170 1308 1361 1352 mediam
1399 1308 1635 1365 quandam?
1652 1315 1718 1353 te-

154 1379 301 1423 nuerit
329 1377 458 1422 viam.
507 1376 621 1426 Nam
650 1375 875 1435 Hispania
890 1390 1160 1449 quamquain
1175 1376 1259 1420 viis
1289 1382 1334 1421 et
1360 1376 1592 1421 itineribus
1621 1390 1720 1435 per-

92 1440 96 1443 *
155 1447 232 1489 via
260 1446 380 1490 facta
407 1452 504 1488 erat
524 1446 620 1503 jam
648 1445 757 1487 inde
792 1460 820 1487 a
848 1432 1099 1522 cbmposito
1138 1446 1257 1489 bello
1293 1446 1467 1488 Punico
1505 1445 1717 1497 secundo,

154 1514 375 1559 institutio
412 1521 457 1557 et
492 1514 538 1557 in
576 1527 737 1572 graeca
773 1519 821 1557 et
854 1513 899 1556 in
937 1512 1080 1557 latina
1112 1512 1267 1572 lingua
1303 1513 1502 1563 Sertorio
1533 1518 1716 1557 auctore

122 1603 126 1605 -
155 1583 345 1640 primum
380 1584 563 1638 recepta
600 1587 668 1623 est
704 1580 777 1638 (cf.
814 1581 934 1623 Plut.
963 1581 1130 1624 Sertor.
1162 1581 1229 1631 14,
1257 1581 1525 1639 Bernhardy
1552 1597 1597 1638 p.
1620 1582 1713 1638 71,)

156 1657 231 1701 ut,
268 1649 373 1694 licet
404 1649 587 1692 Baetica
622 1648 859 1692 Strabonis
906 1653 1052 1691 aetate
1096 1648 1224 1692 miro·
1254 1647 1390 1691 modo
1436 1648 1483 1691 in
1528 1663 1581 1692 ea
1607 1663 1712 1706 pro-

157 1717 332 1770 fecerit,
370 1716 443 1775 (cf.
473 1716 638 1763 Strabo
676 1716 754 1760 111.
788 1716 882 1760 151.
911 1715 1220 1763 Artemidorus
1249 1730 1321 1775 ap.
1344 1716 1496 1760 Const.
1516 1716 1574 1760 de
1602 1716 1716 1762 adm.

157 1787 262 1845 imp.
299 1789 559 1844 γραμματικῇ
594 1786 639 1828 δὲ
677 1789 853 1842 χρῶνται
890 1789 946 1841 τῇ
982 1788 1061 1828 τῶν
1099 1784 1258 1828 Ἰταλῶν
1303 1786 1340 1829 οἱ
1375 1785 1482 1843 παρὰ
1519 1786 1718 1831 θάλατταν

133 1872 145 1878 ”
159 1855 356 1901 οἰκοῦντες
375 1859 453 1899 τῶν
473 1854 654 1914 Ἰβήρων)
674 1854 760 1897 iam
780 1854 952 1897 Seneca
971 1853 1268 1905 adolescente,
1299 1868 1415 1912 quae
1441 1854 1612 1898 Romae
1638 1855 1717 1899 vix

159 1923 467 1968 auctoritatem
495 1922 759 1973 firmassent,
789 1921 972 1965 scholas
992 1921 1239 1966 rhetoricas
1258 1921 1320 1966 ibi
1349 1923 1477 1966 etiam
1497 1922 1714 1975 floruisse,

156 1991 284 2036 haud
312 1992 377 2035 ita
399 1990 615 2034 credibile
644 1990 722 2041 sit,
760 1989 839 2033 ubi
867 1990 1125 2048 praesertim
1153 1989 1214 2033 ad
1242 1990 1469 2048 publicam
1498 1991 1715 2036 actionem

157 2059 443 2118 praeparatio
480 2061 574 2101 non'
610 2064 769 2116 posset
812 2058 1017 2115 spectari.
1076 2057 1170 2102 Sed
1213 2057 1587 2116 quemadmodum
1615 2059 1712 2104 ,Ro-

155 2143 253 2173 mae
279 2134 451 2172 veteres
481 2127 753 2188 grammatici
781 2127 910 2171 etiam
929 2126 1197 2172 rhetoricam
1217 2125 1541 2189 docebant,„ac
1561 2135 1710 2185 poste-

153 2199 308 2246 riores,
338 2197 543 2255 quamvis
572 2196 777 2241 discretis
798 2196 893 2254 jani
928 2195 1285 2254 professionibus
1313 2196 1604 2251 nihilominus
1639 2196 1712 2241 vel

152 2267 453 2316 retinuerunt,
498 2264 570 2307 vel
606 2264 893 2313 instituerunt
930 2263 1151 2322 quaedam
1187 2279 1350 2323 genera
1383 2265 1713 2324 institutioniun

153 2334 211 2377 ad
243 2333 542 2391 eloquentiam
569 2332 948 2391 praeparandam,
989 2337 1038 2375 ut
1074 2333 1372 2389 problemata,-
1411 2333 1712 2391 paraphrases

153 2403 464 2453 elocutionem,
493 2401 742 2460 ethologias
770 2406 907 2460 atque
927 2400 1017 2445 alia
1034 2399 1124 2443 hoc
1153 2414 1308 2459 genus,
1337 2415 1394 2445 ne
1420 2401 1590 2447 scilicet
1607 2402 1714 2447 sicci

154 2472 334 2515 omnino
373 2476 510 2528 atque
545 2470 658 2513 aridi
694 2470 823 2527 pueri
865 2469 1121 2513 rhetoribus
1157 2469 1440 2513 traderentur
1477 2469 1567 2527 (οὓ
1588 2471 1709 2516 Sunt.

154 2540 210 2583 de
237 2539 299 2582 ill.
331 2551 510 2597 gramm.
526 2538 569 2589 4,
590 2537 742 2592 Quint.
772 2538 838 2584 II..
862 2534 1002 2595 1—3),
1033 2537 1097 2579 sic
1117 2537 1247 2580 etiam
1264 2537 1311 2580 in
1330 2537 1550 2595 Hispania
1568 2553 1710 2598 gram-

151 2608 297 2651 matici
326 2621 435 2650 suae
465 2606 572 2650 artis
602 2606 712 2650 fines
740 2606 935 2650 fortasse
964 2604 1240 2648 excedebant
1257 2605 1486 2649 rhetorum
1505 2597 1709 2664 partibus

153 2674 487 2734 quodammodo
518 2676 775 2733 susceptis.-
802 2674 914 2718 Inde
933 2673 1100 2717 factum
1130 2679 1210 2724 est,
1240 2680 1291 2717 ut
1318 2675 1446 2732 pueri
1475 2674 1710 2730 dulcedine

153 2742 289 2787 studii
316 2743 525 2786 rhetorici
556 2744 737 2801 cognita
755 2743 942 2787 Romam
973 2742 1137 2786 deduci
1165 2751 1392 2800 cuperent,
1422 2744 1499 2788 ubi
1529 2745 1709 2801 optimis

151 2813 241 2856 illis
271 2812 461 2863 art-ibus,
502 2826 690 2871 quarum
718 2813 765 2856 in
793 2812 1035 2870 provinciis
1064 2826 1207 2870 parva
1235 2818 1354 2856 esset
1382 2812 1729 2871 opportunitas,

151 2881 409 2939 diligentius
453 2889 497 2925 et
542 2896 598 2925 ex
645 2881 807 2926 ordine
850 2877 1046 2939 quodam
1093 2895 1146 2925 ac
1199 2881 1354 2940 regula
1396 2881 1707 2926 imbuerentur.
