1888 3090
149 369 379 420 nominati.
437 365 627 432 Verum
652 374 887 418 illinebaiit
932 375 1114 442 quidem
1159 376 1409 422 auditorum
1447 382 1598 436 aures,
1636 378 1718 422 sed

149 440 395 489 orationem
445 428 805 502 corrumpebant.
881 443 1046 502 Saepe
1073 444 1186 494 enim
1232 441 1490 491 sententiae
1519 446 1557 490 si
1593 446 1719 491 solae

148 513 470 580 respiciuntur,
510 513 704 569 optimae
734 517 840 555 suut
868 518 922 555 et
942 512 1287 574 pulcherrimae,
1319 515 1400 557 sed
1429 515 1533 557 dum
1563 515 1718 559 rhetor

67 598 71 601 ·
148 595 243 626 non
271 586 529 624 contentus
550 586 619 624 est
654 582 788 623 unain
818 583 910 622 rem
940 580 1076 623 semel
1105 580 1217 624 ben'e
1247 581 1425 634 dixisse,
1456 582 1630 635 ‚‚efficit‚
1660 598 1717 627 ne

146 650 263 694 bene
299 650 531 694 dixerit.“-
569 648 811 706 Vituperat
858 647 948 693 hoc
985 648 1158 693 Seneca
1190 655 1414 709 tamquam
1452 652 1604 712 vitium
1641 652 1714 709 (cf.

151 718 249 763 308.
300 718 514 762 Habebat
541 717 633 762 hoc
651 716 898 761 Montanus
927 718 1111 761 vitium“
1141 724 1186 762 et
1215 734 1260 778 p.
1280 719 1384 764 309:
1415 720 1548 772 ..Non
1573 721 1716 765 minus

147 784 359 848 magnam·
394 788 600 832 virtutem
639 801 738 830 esse
773 786 887 830 scire
908 785 1150 839 desinere,
1189 795 1323 847 quam
1361 788 1507 832 dicere
1543 790 1667 833 scire.
1672 791 1715 847 “)
1790 807 1793 812 ¹

143 855 387 900 Latronem
418 862 566 900 autem
594 856 633 899 si
672 861 813 899 contr.
844 855 918 899 111.
950 855 1017 902 224
1049 855 1146 899 254-
1163 863 1338 915 semper
1366 858 1641 904 contraxisse
1671 865 1716 903 et

148 924 371 983 quidquid
402 931 561 982 posset
589 930 688 967 tuto
714 923 977 991 relinquere,
1007 925 1291 982 praeteriisse
1319 932 1529 985 testatur,
1566 941 1716 971 nonne
1798 934 1802 939 '
1843 907 1846 909 -

144 992 220 1036 hic
249 993 405 1036 vitium
434 992 546 1035 illud
575 993 808 1036 vitaverit?

173 1085 176 1088 ·
256 1060 299 1106 9.
351 1059 480 1115 Quae
509 1061 665 1104 omnia
686 1061 724 1104 si
754 1061 1194 1119 comprehendimus,
1230 1062 1368 1106 Latro
1407 1076 1500 1105 non
1530 1062 1715 1106 dubium

144 1135 214 1173 est
244 1130 354 1188 quin
383 1128 687 1177 numerandus
718 1130 776 1174 sit
803 1130 850 1173 in
876 1130 931 1174 iis
961 1130 1371 1189 rhetoribus‚jqu-i
1398 1144 1594 1175 sanam
1632 1146 1715 1175 se-

144 1205 435 1242 ctarentur
464 1198 860 1256 eloquentiam.
922 1198 1125 1242 Veterem
1148 1205 1192 1242 et
1220 1199 1460 1256 simplicem
1498 1200 1714 1258 eloquen-

144 1260 246 1312 tiae·
270 1266 459 1310 formam
496 1280 588 1309 non
629 1273 806 1324 poterat
841 1266 1020 1325 quidem
1058 1263 1310 1317 restituere,
1354 1268 1588 1325 quia2non
1618 1268 1715 1326 jam
1779 1293 1782 1296 ·

144 1336 300 1380 eadem
329 1342 457 1379 erant
486 1327 663 1379 dicendi
693 1331 973 1394 argumenta,
1013 1336 1350 1380 accomodanda
1379 1343 1524 1390 autem
1555 1344 1624 1381 est
1651 1336 1719 1381 di-

146 1405 422 1449 cendi-ratio
453 1409 498 1447 et
527 1403 810 1447 auditoribus
840 1404 912 1461 (cf.
945 1403 1048 1447 Sen.
1080 1419 1187 1447 suas
1215 1408 1247 1447 Ι.
1270 1405 1312 1462 5)
1344 1397 1564 1448 et'rebus.
1622 1405 1716 1448 Sed

141 1475 277 1518 laude
316 1474 482 1531 (lignus
512 1481 581 1515 est
622 1478 716 1515 noii
754 1473 831 1530 qui
869 1472 1039 1516 exultet
1067 1473 1124 1517 in.
1141 1474 1273 1517 novis
1303 1481 1348 1517 et
1374 1473 1606 1525 inauditis,
1639 1481 1714 1518 ve-

140 1548 238 1587 tera
267 1541 402 1601 plane
434 1534 707 1599 despiciens,
746 1540 826 1582 sed
855 1541 935 1598 qui
974 1548 1190 1598 quantum
1227 1545 1403 1599 potest
1424 1557 1480 1585 ex
1518 1542 1588 1584 his
1616 1543 1713 1585 reti-

142 1619 262 1661 neat,
294 1612 465 1670 quippe
495 1625 612 1668 quae
642 1610 742 1652 sola
771 1608 972 1667 undique
992 1609 1084 1652 sint
1104 1610 1349 1667 praeclara,
1377 1617 1534 1654 exorta
1563 1624 1619 1654 ex
1647 1612 1711 1655 rei

142 1685 188 1723 et
217 1679 387 1723 formae
417 1692 587 1721 summa
619 1678 748 1737 quasi
777 1668 1022 1731 harmonia.
1074 1677 1133 1720 Et
1161 1678 1197 1720 Ι
1201 1688 1299 1721 atro
1321 1679 1503 1722 retinuit
1521 1686 1712 1722 veterem

139 1748 498 1806 simplicitatem:
527 1762 621 1790 eam
660 1746 818 1790 habuit
845 1744 1206 1797 fundamentum,
1225 1747 1309 1791 cui
1338 1761 1501 1791 novam
1529 1746 1714 1793 formam

136 1816 342 1860 indueret
385 1830 498 1859 sano
529 1821 573 1859 et
602 1816 775 1873 integro
798 1814 984 1873 judicio.
1042 1814 1152 1857 Ideo
1189 1821 1240 1857 ut
1268 1815 1312 1857 in
1344 1815 1572 1859 coloribus
1600 1816 1711 1859 fines

138 1886 351 1930 servabat
399 1885 461 1929 rei
491 1892 678 1928 naturae
717 1884 1055 1935 convenientes,
1094 1883 1158 1927 sic
1194 1883 1239 1926 in
1277 1882 1631 1929 tractationibus·
1650 1884 1724 1929 vi-'

138 1956 286 2004 tabat,
325 1969 443 2012 quae
481 1955 569 1996 vim
606 1954 806 1996 facerent
841 1953 1023 2010 linguae
1059 1952 1248 2011 legibus.
1306 1953 1368 1995 At
1405 1954 1529 2019 quia
1550 1966 1711 2010 ornare

143 2022 338 2067 debebat
370 2015 765 2071 declamationem,
810 2020 1047 2064 hauriebat
1081 2033 1182 2063 cum
1217 2033 1275 2062 ex
1309 2019 1452 2079 larga
1469 2007 1712 2065 verborum

141 2092 273 2171 copia
304 2098 394 2135 tum
435 2106 490 2134 ex
530 2094 690 2149 magno
721 2089 1051 2133 sententiarum
1068 2094 1305 2151 apparatu,
1335 2095 1380 2133 et
1406 2089 1618 2133 utebatur
1635 2101 1714 2133 va-

138 2162 205 2205 ria
233 2162 474 2219 figurarum
505 2159 780 2217 supellectile
811 2158 892 2202 sed
930 2158 1012 2210 ita,
1050 2163 1103 2202 ut
1140 2159 1219 2217 qui
1246 2158 1294 2202 in
1332 2158 1431 2202 aliis
1468 2158 1644 2202 rebus
1631 2174 1710 2203 un-

140 2231 344 2274 modicus
376 2235 511 2279 esset,’
537 2229 582 2271 in
612 2228 699 2271 hac
730 2227 826 2271 sola
855 2242 904 2271 re
934 2227 1115 2270 modum
1136 2227 1278 2288 'sciret
1304 2221 1467 2271 tenere.
1525 2228 1593 2271 Ac
1621 2235 1712 2272 stu-

139 2299 279 2343 debat
308 2300 438 2349 etiam
468 2297 652 2355 implere
683 2297 1061 2347 declamationem,
1100 2303 1312 2354 quantum
1342 2300 1532 2353 poterat,
1563 2296 1711 2341 solido

137 2368 347 2426 quodam·
369 2374 413 2411 et
443 2367 582 2425 digno
613 2371 900 2424 argumento3
939 2363 1195 2407 advocabat
1230 2364 1276 2406 in
1313 2377 1420 2406 suas
1458 2370 1607 2426 partes
1641 2365 1710 2409 hi·
1736 2408 1738 2410 .

91 2459 95 2461 v
134 2437 332 2485 storiam.
364 2442 473 2494 apta
503 2450 560 2478 ex
589 2447 643 2478 ea
668 2434 941 2492 ,depromens
972 2432 1195 2490 exempla,
1234 2432 1376 2487 (velut
1410 2432 1538 2475 Marii
1568 2439 1709 2477 contr.
1751 2479 1753 2481 ,

137 2508 170 2549 Ι.
204 2505 243 2549 l.
274 2504 342 2549 70.
403 2503 711 2547 Fabriciorum
740 2505 791 2544 II.
814 2501 983 2552 9.’142,
1014 2500 1230 2555 Miltiadis
1259 2500 1337 2543 IV.
1369 2500 1437 2544 24.
1474 2500 1578 2552 270,
1606 2501 1712 2553 Pul-

142 2576 252 2626 chri,
282 2574 466 2625 Metelli,
498 2573 681 2618 Catonis
711 2572 769 2616 V.
800 2571 869 2616 30.
901 2570 987 2615 328
1017 2575 1061 2614 et
1089 2568 1193 2621 329,
1230 2569 1387 2613 Manlii
1425 2576 1468 2614 et
1495 2569 1621 2614 Bruti
1650 2568 1710 2615 V.
1785 2607 1788 2609 Α

135 2645 215 2689 32.
238 2644 323 2687 342
355 2643 411 2686 cf.
443 2657 563 2686 suas.
585 2638 673 2684 'V1.
705 2641 781 2693 34,
822 2647 973 2684 contra
1005 2642 1056 2681 11.
1086 2639 1126 2682 9.
1162 2639 1256 2690 135,
1286 2639 1343 2683 V.
1373 2639 1441 2683 34.
1473 2638 1594 2697 358)
1624 2646 1727 2684 tra·-v
1780 2630 1782 2634 Α

136 2713 290 2760 etabat
309 2711 434 2755 haud
454 2726 558 2753 raro
573 2710 689 2768 juris
713 2710 1024 2767 quaestiones,
1055 2708 1313 2765 proferebat
1330 2707 1482 2760 multa,
1513 2716 1634 2767 quae
1650 2698 1710 2752 ad

66 2800 72 2803 ⁴
133 2782 340 2826 instituta
370 2779 564 2823 civitatis
595 2783 639 2821 et
670 2792 813 2820 moies
854 2783 942 2821 tam
974 2777 1190 2835 pristinae
1228 2776 1386 2819 aetatis
1431 2789 1566 2834 quam
1600 2786 1709 2838 suae
1787 2794 1791 2799 ·

70 2842 73 2847 ¹
136 2851 422 2910 pertinebant
460 2848 534 2906 (cf.
575 2853 717 2892 contr.
757 2850 809 2889 ΙΙ.
852 2844 1056 2911 11.162‚
1098 2844 1191 2897 164,
1227 2848 1279 2888 II.
1312 2843 1520 2896 14.187‚
1557 2844 1622 2887 Π.
1642 2844 1708 2891 15.

131 2909 1749 2972 192‚1..‚.28115106,11..9135,11..15196,1n16209,
