1888 3090
167 342 224 387 cf.
255 343 434 388 Ernesti
463 344 593 388 lexic.
611 345 809 389 technol.
843 346 1003 389 Graec.
1033 360 1078 404 p.
1110 347 1207 391 338.
1257 347 1351 394 Sed
1381 348 1548 392 nullam
1582 337 1752 396 habent

168 411 342 470 figurae
369 412 481 463 vim,
518 413 617 458 nisi·
640 414 687 457 in
723 414 929 457 oratione
965 421 1275 473 argumentum
1317 416 1503 476 aliquod
1531 422 1637 468 est,
1679 417 1762 461 cui—

168 488 276 537 apte
305 481 636 538 imprimantur,
670 496 699 524 a
737 496 830 540 quo
869 482 932 525 ita
960 482 1193 541 nequeunt
1228 483 1441 535 dissolvi,
1479 491 1551 535 ut,
1591 497 1750 543 quam·

168 563 303 607 quam
333 563 360 592 a
389 549 616 594 veteribus
650 550 908 594 oratoribus
939 549 1066 595 haud
1101 551 1163 595 ita
1191 566 1299 596 raro
1331 551 1578 598 schemata
1585 552 1757 607 inveni-¹

166 633 268 662 mus
297 617 523 670 adhibita,
560 625 657 663 arte
700 627 844 663 tamen
883 625 928 664 et
966 620 1249 674 cogitationis
1287 635 1395 665 cura
1423 637 1478 666 ea
1506 636 1598 666 non
1627 621 1750 666 vide-

168 692 304 730 antur
331 685 538 737 inventa,
577 687 668 731 sed
689 693 832 731 mente
863 694 908 732 et
937 688 1084 732 animo
1116 689 1374 739 concitatis,
1412 704 1507 734 non
1535 684 1750 750 quaeren-

170 754 291 799 tibus
328 755 387 798 ab
426 756 529 817 ipso
559 756 640 799 illo
670 756 867 813 pectoris
897 764 1021 803 motu
1051 771 1135 800 sua
1164 763 1329 814 sponte
1346 750 1562 816 suggesta
1581 766 1626 803 et
1644 773 1750 816 sup-

123 831 125 833 “
169 821 373 880 peditata
416 822 558 866 fuisse
601 822 657 865 cf.
693 822 897 881 ‘Ernesty
943 824 1189 868 orationem
1232 824 1289 867 de
1332 831 1521 876 sentent.
1541 822 1748 880 -QiuutiL

166 891 363 943 „Pectus
384 897 465 941 est,
487 889 613 949 quod
630 890 739 935 facit
759 891 1017 942 disertum‚.“
1038 891 1242 936 Schmidt
1261 893 1484 951 Cethegus
1499 894 1621 952 Lips.
1643 893 1752 938 1834

169 974 214 1018 p.
248 958 342 1003 131.
401 960 562 1017 Itaque
596 967 839 1017 postquam
879 959 1136 1019 eloquentia
1179 960 1242 1003 ita
1280 969 1549 1005 commutata
1579 969 1664 1013 est,
1701 968 1753 1005 ut

170 1043 265 1071 non
284 1028 384 1086 jam
416 1033 575 1085 pectus
604 1027 773 1071 faceret
794 1027 1021 1077 disertum,
1051 1029 1292 1072 manebant
1315 1030 1497 1087 quidem
1517 1030 1631 1073 haec
1651 1023 1751 1073 ora-'-

169 1097 306 1141 tionis
347 1102 637 1145 ornamenta,
672 1101 720 1138 at
758 1096 944 1139 artificia
974 1103 1100 1153 erant
1129 1111 1222 1139 non
1243 1097 1338 1154 jam
1369 1112 1426 1140 ex
1454 1099 1613 1141 mentis
1644 1099 1750 1141 vivo

170 1167 296 1208 toute
326 1174 506 1214 exorta,
548 1162 627 1212 sed
660 1177 761 1206 cum
790 1163 949 1206 labore
981 1173 1025 1207 et
1059 1163 1227 1207 sudore
1258 1165 1458 1214 inventa,
1497 1180 1613 1223 qua(=
1652 1179 1749 1207 eum

170 1233 268 1276 sine
296 1231 391 1275 ullo
422 1231 765 1289 compositionis
796 1230 930 1275 modo
961 1246 1015 1274 ac
1044 1232 1218 1275 ratione
1247 1232 1389 1275 cuivis
1410 1233 1480 1276 *rei
1510 1233 1743 1291 injiceren-

0 1309 261 1351 ...„--—tur,
293 1301 539 1343 orationem
566 1299 841 1359 [Μ
862 1306 1078 1357 tauquam
1109 1299 1293 1357 pallium
1331 1315 1388 1343 ex
1422 1300 1735 1345 diversissimis

168 1369 331 1427 pannis
349 1368 627 1422 consutum‘)
661 1367 797 1420 Quod
816 1367 971 1411 Cicero
992 1375 1296 1425 praeceperat,
1325 1369 1369 1411 in
1385 1368 1579 1413 dicendo
1596 1369 1748 1411 vitium

169 1437 243 1480 vel
281 1437 515 1479 maximum
548 1450 669 1484 esse,
701 1450 729 1478 a
759 1435 935 1493 vulgari
966 1450 1126 1492 genere
1156 1436 1383 1479 orationis⁴
1402 1444 1539 1494 atque
1585 1451 1613 1479 a
1643 1451 1749 1486 con->
1797 1426 1806 1445 ‘

171 1504 411 1554 suetudine
449 1504 694 1561 communis
730 1518 892 1546 sensus
929 1503 1175 1546 abhorrere
1204 1503 1276 1560 (cf.
1308 1503 1365 1547 de
1395 1511 1507 1548 orat,
1538 1505 1574 1548 Ι.
1593 1504 1633 1549 3.
1666 1504 1750 1561 12),

169 1574 215 1617 id
247 1573 348 1617 duri
378 1580 423 1616 et
459 1572 668 1619 ineruditi
696 1572 891 1616 hominis
921 1572 1161 1616 videbatur
1190 1572 1355 1616 dictum
1395 1573 1452 1616 cf.
1482 1574 1585 1617 Seu.
1617 1587 1737 1623 suas.

169 1643 210 1686 7.
240 1642 310 1692 51,
348 1656 445 1684 exc.
486 1644 628 1684 contr.
668 1641 745 1685 111.
786 1640 899 1698 praf.
937 1640 1035 1691 399,
1065 1640 1379 1684 Westermann
1411 1641 1439 1697 ξ
1467 1641 1538 1692 86,
1551 1644 1613 1699 'p.
1641 1640 1742 1693 296.

167 1711 375 1754 Delicato
412 1710 487 1753 isti
530 1709 758 1777 rhetorum
796 1708 946 1766 ganeri
982 1708 1151 1757 omnia,-
1194 1723 1311 1766 quae
1353 1716 1516 1753 natura
1546 1709 1747 1760 dictavit,

169 1778 436 1829 sordebant,
474 1793 622 1836 neque
669 1783 930 1821 ornamenta
976 1776 1271 1834 quaerebant,
1310 1777 1391 1821 sed
1422 1777 1643 1852 lenocinia
1681 1777 1739 1821 cf.

176 1847 318 1901 Quint
348 1846 448 1890 VII.
479 1846 553 1889 Pr.
584 1845 655 1889 26.
709 1886 713 1890 .
1397 1863 1401 1866 ’

134 1907 136 1909 ’
291 1913 435 1958 Facile
466 1914 615 1971 igitur,
648 1913 726 1974 qui
755 1912 985 1960 moderate
1005 1911 1095 1955 hoc
1114 1912 1332 1955 sermonis
1353 1919 1515 1956 ornatu
1534 1917 1747 1964 uteretur,

170 1998 325 2026 carere
364 1996 417 2037 ea
455 1982 620 2024 virtute
660 1981 807 2038 potuit
837 1981 999 2041 putari.
1058 1981 1209 2038 Atque
1238 1980 1407 2024 accidit
1431 1981 1521 2023 hoe
1549 1981 1748 2032 Latroni,
1803 1982 1812 1988 ‘

170 2051 226 2098 cf.
257 2052 360 2095 Seu.
384 2058 526 2093 contr.
549 2050 582 2093 Ι.
616 2048 753 2107 praef.
786 2048 855 2093 68.
913 2048 1145 2107 Ingenium
1177 2049 1292 2092 enim
1322 2049 1442 2093 illius
1477 2064 1749 2108 quamquam
1809 2067 1811 2070 ⁴

168 2119 421 2163 abundavit
447 2119 534 2161 hac
564 2117 689 2166 dote,
719 2117 938 2175 judicium
968 2124 1064 2160 erat
1104 2118 1314 2160 strictius.
1370 2117 1509 2168 „Non
1541 2117 1751 2174 placebat

171 2188 418 2231 orationem
448 2185 684 2236 inflectere,
717 2201 798 2228 nec
818 2200 1015 2244 unquam
1036 2191 1158 2228 recta
1178 2185 1250 2228 via
1271 2185 1514 2236 discedere,
1546 2186 1627 2228 nisi
1648 2201 1747 2230 cum

167 2257 260 2301 hoc
298 2265 376 2299 aut
419 2255 665 2298 necessitas
709 2254 948 2311 coegisset,
998 2260 1076 2295 ant
1119 2267 1281 2309 magna
1310 2254 1539 2296 suasisset.
1566 2254 1748 2297 utilitas.

170 2324 363 2368 Schema
392 2323 587 2381 negabat
616 2321 793 2365 decoris
824 2336 962 2364 causa
992 2321 1186 2371 iuventa,
1218 2320 1297 2363 sed
1319 2321 1521 2371 subsidii,
1553 2329 1604 2365 ut
1624 2322 1748 2380 quod

170 2408 302 2436 aures
334 2393 606 2434 offensurum
638 2396 769 2439 esset,
801 2390 838 2433 si
868 2390 1019 2447 palam
1051 2389 1284 2439 diceretur,
1316 2387 1361 2431 id
1391 2389 1573 2447 oblique
1594 2398 1638 2433 ct
1658 2389 1749 2433 fur-

170 2462 247 2505 tim
258 2461 307 2518 ‘')
338 2466 611 2517 surreperet.
671 2458 894 2502 Summam
924 2472 1023 2501 esse
1053 2456 1336 2508 dementiam,
1368 2456 1633 2516 detorquere
1653 2473 1752 2504 ora-

270 2655 297 2700 ')
323 2654 463 2697 Quanta
480 2657 643 2701 portenta
665 2651 848 2700 protulerit
863 2652 931 2687 hoc
956 2651 1119 2694 studium,
1135 2650 1274 2687 Seneca
1289 2656 1439 2687 testatur
1454 2657 1563 2688 contr.
1579 2651 1625 2687 V.
1639 2654 1750 2701 praet.

176 2713 238 2749 321
260 2718 297 2748 et
311 2712 379 2748 322
399 2711 444 2746 de
460 2711 566 2746 Musa
581 2710 724 2745 rhetore
738 2710 846 2745 verba
862 2709 1006 2744 faciens.
1055 2709 1188 2744 Fatuae
1204 2721 1289 2744 vero
1306 2709 1513 2746 elocutionis
1527 2705 1661 2761 figurae
1677 2711 1751 2746 sor-

175 2775 277 2805 tasse
305 2774 387 2805 sunt
415 2768 527 2804 rulvii
561 2767 685 2815 Sparsi
717 2768 842 2813 (contr.
856 2766 916 2803 111.
936 2768 989 2803 19.
1006 2766 1099 2812 230),
1131 2765 1227 2801 Vibii
1251 2765 1341 2802 Galli
1367 2766 1443 2814 (lv.
1460 2768 1515 2803 24.
1531 2767 1624 2813 269),
1641 2767 1751 2821 Cestii

173 2827 251 2877 ὶιν
264 2827 322 2927 '2⁸5
334 2827 514 2929 3321ιῆ
504 2876 593 2917 inter
608 2893 649 2917 so
662 2882 809 2917 schema
824 2886 861 2916 et
877 2887 1009 2917 certum
1026 2880 1197 2917 contr.11.
1217 2881 1258 2916 12
1278 2881 1342 2916 172
1359 2881 1406 2916 cf.
1421 2880 1457 2915 V
1472 2881 1581 2928 praef.
1598 2882 1686 2919 322.
