1888 3090
846 203 995 294 ’,46

172 381 201 424 l.
236 395 278 438 p.
310 379 387 429 20,
429 380 621 424 Cortius‘*
645 379 716 424 ed.
757 380 866 423 Sall.
909 395 955 438 p:
986 380 1115 432 1048,
1156 381 1383 425 Corradus
1424 388 1667 440 quaestura
1705 397 1749 440 p.
1822 365 1831 375 ⁰

172 450 229 492 85
281 464 349 507 sq.
402 449 470 491 ed.
510 449 652 505 Lips.‚
702 448 867 491 Petrus
916 447 1148 501 Victorius
1197 449 1304 492 Var.
1355 456 1400 493 et
1447 450 1583 507 antiq.
1630 450 1750 493 lectt-

173 516 437 568 XXXVIII,
468 515 759 576 Argentorati
791 514 900 558 1609
938 530 983 572 p.
1014 515 1261 569 370-373,
1280 516 1495 560 ‘Vossius
1526 516 1582 560 de
1612 517 1747 563 instit.

172 593 285 630 orat.
316 586 349 630 I.
380 601 424 644 p.
456 584 540 629 372
572 583 641 630 ed.
672 583 880 628 Franeof.
916 582 1063 641 161.6‚)
1104 585 1308 642 quamvis
1339 585 1588 629 eruditione
1618 599 1749 643 prae·

170 662 296 698 stans
316 669 463 712 neque
483 654 545 697 ita
573 653 759 695 multum
779 657 886 709 post
915 651 1117 695 Sallustii
1148 661 1337 697 aetatem
1367 654 1545 710 vivens,
1576 659 1748 712 quanto

168 722 309 780 magis
339 721 434 765 falli
465 720 710 770 debebant,
750 718 916 776 quibus
956 718 1134 762 deesset
1172 720 1338 778 ingenii
1376 735 1562 764 acumen
1592 729 1747 778 aptum

169 789 229 831 ad
264 788 654 847 cognoscendum,
704 787 814 844 quid
860 787 1081 844 cujusque
1119 788 1353 845 scriptoris
1398 789 1470 831 vel
1508 789 1555 831 in
1594 788 1749 847 lingua

172 856 246 899 vel
280 857 327 899 in
364 855 613 900 tractandis
649 854 786 898 rebus
825 853 1058 911 proprium
1079 855 1237 898 esset?
1280 856 1432 914 Atque
1479 855 1570 898 hoc
1610 854 1746 898 modo

169 925 397 968 Ciceronis
427 923 604 966 nomine
635 928 750 980 quot
779 921 1126 965 declamationes
1156 922 1366 981 vulgatae
1395 924 1487 966 sint
1525 933 1746 981 tamquam

168 991 402 1051 genuinae,
434 991 506 1034 cui
530 989 765 1048 ignotum?
803 988 972 1031 Postea
1010 1003 1116 1032 vero
1155 1005 1255 1035 cum
1294 989 1350 1032 de
1388 982 1503 1033 fictis
1543 991 1745 1033 themati-

140 1061 469 1123 fhnsuagerent
500 1058 842 1108 declamatores,
884 1072 1002 1115 quae
1041 1059 1236 1102 omnium
1267 1059 1518 1121 communia
1547 1059 1592 1102 in
1623 1022 1789 1102 eod(

130 1123 138 1129 ⁴
168 1142 263 1170 cem
294 1127 424 1185 quasi
452 1126 637 1168 redacta
667 1132 806 1176 erant,
838 1138 981 1183 eaque
1013 1135 1102 1167 tam
1131 1141 1158 1167 a
1186 1128 1409 1184 magistris
1436 1142 1569 1184 quam
1601 1123 1627 1169 a
1657 1128 1745 1170 d-is-

169 1195 331 1253 cipulis
361 1194 459 1252 pari
489 1193 625 1236 modo
655 1200 976 1243 tractarentur,
1016 1200 1135 1237 certe
1164 1209 1256 1237 non
1286 1195 1462 1244 mirum,
1501 1194 1537 1237 si
1576 1208 1746 1253 suppo-

165 1263 393 1306 nebantur
422 1261 554 1303 claris
583 1260 843 1304 rhetoribus
873 1260 1222 1304 declamationes
1253 1261 1346 1304 sive
1377 1276 1404 1304 a
1434 1260 1668 1319 discipulis
1697 1262 1744 1304 in

166 1347 322 1376 eorum
353 1329 523 1373 scholis
555 1329 701 1373 dictae
731 1328 827 1372 sive
857 1328 916 1372 ad
947 1343 1099 1372 eorum
1128 1329 1416 1373 imitationem
1448 1330 1739 1389 perscriptae.

164 1399 427 1453 Quintiliani
457 1398 819 1447 declamationes,
851 1411 968 1453 quae
999 1397 1223 1448 dicuntur,
1265 1413 1415 1442 nonne
1447 1413 1589 1455 prope
1619 1388 1743 1449 acce-

166 1467 234 1511 dit
264 1466 323 1510 ad
354 1466 583 1509 veritatem
611 1465 821 1508 exercitia
851 1478 949 1507 esse
971 1464 1325 1522 discipulorum?
1356 1465 1417 1509 Et
1447 1480 1496 1509 re
1516 1480 1624 1509 vera
1652 1465 1741 1513 hoc

161 1535 298 1585 modo
328 1534 517 1577 Latroni
546 1534 828 1590 suppositam
858 1547 957 1575 esse
995 1533 1053 1575 de
1082 1533 1278 1590 Popillio
1316 1534 1683 1582 declamationem
1713 1547 1740 1577 a

167 1604 403 1661 Capitone,
434 1602 668 1660 praeclaro
700 1609 744 1644 et
775 1601 920 1644 bonae
956 1601 1060 1644 fidei
1097 1601 1391 1653 scholastico,
1431 1603 1738 1660 compositam,

162 1671 291 1714 testis
322 1678 391 1712 est
419 1670 590 1711 Seneca
621 1676 761 1728 contr.
798 1669 856 1712 V.
898 1670 1039 1725 praef.
1077 1669 1175 1713 323.
1232 1670 1392 1727 Itaque
1422 1678 1626 1713 exstante
1656 1670 1740 1713 La-

163 1739 308 1784 tronis
337 1737 517 1782 nomine
546 1736 700 1796 aliqua
730 1736 1074 1789 declamatione,
1106 1742 1225 1781 certe
1263 1737 1361 1781 cu'm
1393 1738 1648 1796 suspicione
1678 1738 1739 1782 ad

163 1821 260 1851 eam
280 1806 591 1864 aggrediemur
611 1813 891 1863 quaerentes·
896 1806 1097 1862 primum,
1127 1822 1233 1862 num
1255 1808 1435 1849 omnino
1456 1806 1644 1850 ediderit
1664 1808 1737 1850 de·

162 1875 465 1918 clamationes.

274 1941 377 1997 Qua
403 1942 450 1984 in
478 1955 527 1984 re
557 1954 828 2000 quamquam
858 1941 973 1984 inter
1000 1940 1162 1992 libros,
1203 1955 1321 1999 quos
1350 1938 1520 2000 Seneca
1548 1941 1735 1986 tradidit

160 2012 219 2055 ab
250 2011 508 2055 oratoribus
548 2017 593 2053 et
622 2009 884 2053 ‘rhetoribus
921 2009 1140 2067 scriptos,
1181 2009 1252 2067 (cf.
1292 2015 1411 2054 suas.
1442 2010 1498 2054 ΙΙ.
1529 2010 1598 2054 20.
1629 2009 1734 2054 Vio-

157 2079 270 2124 toris
306 2078 493 2122 Statorii
529 2077 731 2128 tabulas,
769 2068 930 2120 contr.¹
949 2077 982 2120 Ι.
1023 2078 1063 2121 3.
1101 2079 1156 2120 97
1193 2072 1321 2121 Junii
1353 2078 1548 2121 Othonis
1587 2079 1729 2144 patris

157 2148 359 2193 colorum
388 2147 530 2190 libros
553 2154 768 2205 quattuor
790 2146 861 2203 (cf.
884 2153 1025 2190 contr.
1046 2147 1101 2192 Π.
1132 2147 1172 2191 9.
1206 2146 1317 2205 148),
1340 2153 1484 2191 contr.
1510 2146 1564 2190 V.
1590 2146 1730 2205 praef.

156 2216 253 2277 319⁸
270 2215 428 2258 Scauri
457 2222 629 2272 septem
659 2216 906 2266 orationes,
954 2216 1009 2258 V.
1049 2215 1191 2272 praef.
1230 2216 1316 2258 320
1344 2216 1531 2272 Labieni
1571 2216 1729 2266 libros,

156 2285 215 2328 V.
246 2284 315 2327 34.
346 2283 429 2326 363
460 2282 718 2341 Timagenis
746 2282 887 2326 libros
923 2282 1165 2326 historicos
1203 2283 1260 2326 de
1296 2284 1432 2326 rebus
1463 2296 1496 2326 *a
1537 2283 1729 2327 Caesare

157 2353 314 2412 gestis·
324 2352 618 2410 perscriptos,
648 2350 728 2395 IV.
760 2350 827 2393 29.
859 2350 944 2393 316
976 2350 1158 2393 Votieni
1186 2351 1392 2394 Montani
1427 2353 1596 2409 scripta
1631 2353 1731 2395 rhe—

153 2423 311 2471 torica,
342 2434 435 2462 exc.
468 2427 610 2462 contr.
641 2420 718 2463 111.
749 2420 889 2476 praef.
921 2420 1005 2462 395
1038 2420 1180 2463 Cassii
1211 2420 1363 2463 Severi
1402 2420 1606 2478 scripta),
1642 2420 1729 2464 La-

154 2492 299 2533 tronis
330 2488 678 2531 declamationes
709 2503 799 2530 non
830 2495 949 2538 sunt,
980 2487 1070 2530 hoc
1100 2494 1251 2530 tamen
1282 2487 1459 2530 silentio
1492 2502 1583 2530 non·
1614 2495 1725 2545 puto

156 2557 418 2612 Quintiliani
464 2558 763 2600 testimonium
803 2553 957 2599 refelli.
1034 2556 1152 2599 Citat
1200 2556 1311 2598 enim
1359 2556 1433 2599 ille
1470 2556 1551 2602 IX.
1592 2556 1630 2599 2.
1670 2557 1722 2600 91
1799 2589 1807 2598 .

155 2627 252 2685 ejus
297 2626 446 2669 locum
493 2625 714 2676 „Occides
761 2626 900 2683 ergo?
947 2624 995 2667 Si
1033 2631 1237 2682 poter0‚⁶⁴
1285 2627 1495 2683 (quocum
1540 2625 1724 2669 alterum

152 2695 443 2752 Spalding-ius
473 2694 647 2736 confert
683 2695 762 2736 IX.
792 2695 831 2736 4.
865 2694 947 2736 106
978 2694 1054 2744 „Si
1084 2697 1313 2751 potero“)‚
1354 2696 1415 2738 ita
1445 2695 1637 2738 solutum
1668 2709 1724 2738 ex

155 2769 377 2823 perpetuo
416 2777 640 2814 sermone,
686 2768 738 2806 ut
774 2777 857 2820 per
903 2777 951 2806 se
996 2762 1183 2821 intelligi
1219 2772 1424 2822 nequeat.
1494 2763 1581 2818 Qui
1626 2774 1725 2806 cum

151 2832 387 2874 ostendere
417 2832 623 2874 videatur
653 2832 796 2875 editas
828 2832 1187 2883 declamationes,
1220 2848 1336 2890 quae
1357 2835 1518 2892 cuique
1537 2843 1721 2891 praesto

153 2906 291 2950 erant,
322 2913 375 2942 eo
405 2898 618 2944 libentius
655 2900 743 2944 hoc
782 2899 1078 2960 concedemus
1116 2901 1162 2944 in
1192 2901 1468 2956 Quintiliano
1506 2915 1562 2946 ex
1598 2902 1724 2947 libris
1797 2935 1803 2939 s
