<?xml version="1.0" encoding="UTF-8"?>
<!DOCTYPE html PUBLIC "-//W3C//DTD XHTML 1.0 Transitional//EN"
    "http://www.w3.org/TR/xhtml1/DTD/xhtml1-transitional.dtd">
<html xmlns="http://www.w3.org/1999/xhtml" xml:lang="en" lang="en">
 <head>
  <title>
</title>
<meta http-equiv="Content-Type" content="text/html;charset=utf-8" />
  <meta name='ocr-system' content='tesseract 3.04.00' />
  <meta name='ocr-capabilities' content='ocr_page ocr_carea ocr_par ocr_line ocrx_word'/>
</head>
<body>
  <div class='ocr_page' id='page_1' title='image "./4627453_0017.png"; bbox 0 0 1888 3090; ppageno 0'>
   <div class='ocr_carea' id='block_1_1' title="bbox 925 214 960 264">
    <p class='ocr_par' dir='ltr' id='par_1_1' title="bbox 925 214 960 264">
     <span class='ocr_line' id='line_1_1' title="bbox 925 214 960 264; baseline 0 -45"><span class='ocrx_word' id='word_1_1' title='bbox 925 214 960 264; x_wconf 65' lang='grc'><strong>6,</strong></span> 
     </span>
    </p>
   </div>
   <div class='ocr_carea' id='block_1_2' title="bbox 116 357 1767 912">
    <p class='ocr_par' dir='ltr' id='par_1_2' title="bbox 116 357 1767 900">
     <span class='ocr_line' id='line_1_2' title="bbox 272 357 1727 418; baseline 0.006 -17"><span class='ocrx_word' id='word_1_2' title='bbox 272 357 432 416; x_wconf 86' lang='lat' dir='ltr'><strong>Itaque</strong></span> <span class='ocrx_word' id='word_1_3' title='bbox 461 357 672 416; x_wconf 82' lang='lat' dir='ltr'><strong>quoniam</strong></span> <span class='ocrx_word' id='word_1_4' title='bbox 699 357 971 417; x_wconf 83' lang='lat' dir='ltr'><strong>praedonem</strong></span> <span class='ocrx_word' id='word_1_5' title='bbox 1009 361 1081 406; x_wconf 89' lang='lat' dir='ltr'><strong>vel</strong></span> <span class='ocrx_word' id='word_1_6' title='bbox 1118 362 1458 418; x_wconf 60' lang='lat' dir='ltr'><strong>latrocinantem</strong></span> <span class='ocrx_word' id='word_1_7' title='bbox 1489 365 1629 410; x_wconf 80' lang='lat' dir='ltr'><strong>fuisse</strong></span> <span class='ocrx_word' id='word_1_8' title='bbox 1664 366 1727 410; x_wconf 92' lang='lat' dir='ltr'><strong>vi-</strong></span> 
     </span>
     <span class='ocr_line' id='line_1_3' title="bbox 160 426 1728 484; baseline 0.006 -15"><span class='ocrx_word' id='word_1_9' title='bbox 160 440 271 477; x_wconf 89' lang='lat' dir='ltr'><strong>rum,</strong></span> <span class='ocrx_word' id='word_1_10' title='bbox 302 426 381 484; x_wconf 91' lang='lat' dir='ltr'><strong>qui</strong></span> <span class='ocrx_word' id='word_1_11' title='bbox 412 426 589 473; x_wconf 82' lang='lat' dir='ltr'><strong>civitate</strong></span> <span class='ocrx_word' id='word_1_12' title='bbox 618 426 822 472; x_wconf 81' lang='lat' dir='ltr'><strong>Romana</strong></span> <span class='ocrx_word' id='word_1_13' title='bbox 849 426 1101 473; x_wconf 82' lang='lat' dir='ltr'><strong>honoratus</strong></span> <span class='ocrx_word' id='word_1_14' title='bbox 1121 431 1169 475; x_wconf 85' lang='lat' dir='ltr'><strong>in</strong></span> <span class='ocrx_word' id='word_1_15' title='bbox 1198 447 1368 475; x_wconf 87' lang='lat' dir='ltr'><strong>summo</strong></span> <span class='ocrx_word' id='word_1_16' title='bbox 1398 433 1502 476; x_wconf 91' lang='lat' dir='ltr'><strong>loco</strong></span> <span class='ocrx_word' id='word_1_17' title='bbox 1534 433 1728 477; x_wconf 83' lang='lat' dir='ltr'><strong>colloca-</strong></span> 
     </span>
     <span class='ocr_line' id='line_1_4' title="bbox 116 490 1767 559; baseline 0.007 -23"><span class='ocrx_word' id='word_1_18' title='bbox 116 536 119 540; x_wconf 85' lang='grc'><strong>,</strong></span> <span class='ocrx_word' id='word_1_19' title='bbox 159 500 235 537; x_wconf 76' lang='lat' dir='ltr'><strong>tus</strong></span> <span class='ocrx_word' id='word_1_20' title='bbox 265 500 403 545; x_wconf 86' lang='lat' dir='ltr'><strong>esset,</strong></span> <span class='ocrx_word' id='word_1_21' title='bbox 442 494 518 537; x_wconf 85' lang='lat' dir='ltr'><strong>vix</strong></span> <span class='ocrx_word' id='word_1_22' title='bbox 547 490 786 559; x_wconf 45' lang='lat' dir='ltr'><strong>quistinam</strong></span> <span class='ocrx_word' id='word_1_23' title='bbox 816 495 1073 549; x_wconf 77' lang='lat' dir='ltr'>crediderit,</span> <span class='ocrx_word' id='word_1_24' title='bbox 1110 499 1223 544; x_wconf 88' lang='lat' dir='ltr'><strong>nihil</strong></span> <span class='ocrx_word' id='word_1_25' title='bbox 1250 500 1425 545; x_wconf 83' lang='lat' dir='ltr'><strong>facilius</strong></span> <span class='ocrx_word' id='word_1_26' title='bbox 1460 502 1506 544; x_wconf 88' lang='lat' dir='ltr'><strong>in</strong></span> <span class='ocrx_word' id='word_1_27' title='bbox 1544 501 1725 546; x_wconf 85' lang='lat' dir='ltr'><strong>homine</strong></span> <span class='ocrx_word' id='word_1_28' title='bbox 1761 529 1767 532; x_wconf 90' lang='lat'><em>-</em></span> 
     </span>
     <span class='ocr_line' id='line_1_5' title="bbox 160 562 1726 629; baseline 0.006 -25"><span class='ocrx_word' id='word_1_29' title='bbox 160 562 388 619; x_wconf 78' lang='lat' dir='ltr'><strong>Hispano,</strong></span> <span class='ocrx_word' id='word_1_30' title='bbox 433 577 567 619; x_wconf 89' lang='lat' dir='ltr'><strong>quam</strong></span> <span class='ocrx_word' id='word_1_31' title='bbox 609 563 835 606; x_wconf 88' lang='lat' dir='ltr'><strong>recordari</strong></span> <span class='ocrx_word' id='word_1_32' title='bbox 870 563 1126 609; x_wconf 85' lang='lat' dir='ltr'><strong>Viriathum</strong></span> <span class='ocrx_word' id='word_1_33' title='bbox 1173 574 1216 611; x_wconf 90' lang='lat' dir='ltr'><strong>et</strong></span> <span class='ocrx_word' id='word_1_34' title='bbox 1254 569 1500 613; x_wconf 82' lang='lat' dir='ltr'><strong>Sertorium</strong></span> <span class='ocrx_word' id='word_1_35' title='bbox 1529 569 1726 629; x_wconf 86' lang='lat' dir='ltr'><strong>-10ngum</strong></span> 
     </span>
     <span class='ocr_line' id='line_1_6' title="bbox 160 630 1725 691; baseline 0.006 -19"><span class='ocrx_word' id='word_1_36' title='bbox 160 644 243 687; x_wconf 83' lang='lat' dir='ltr'><strong>per</strong></span> <span class='ocrx_word' id='word_1_37' title='bbox 272 637 449 688; x_wconf 88' lang='lat' dir='ltr'><strong>tempus</strong></span> <span class='ocrx_word' id='word_1_38' title='bbox 478 630 786 689; x_wconf 80' lang='lat' dir='ltr'><strong>baudiniquo</strong></span> <span class='ocrx_word' id='word_1_39' title='bbox 817 632 960 676; x_wconf 87' lang='lat' dir='ltr'><strong>Marte</strong></span> <span class='ocrx_word' id='word_1_40' title='bbox 990 633 1264 691; x_wconf 85' lang='lat' dir='ltr'><strong>reipublicae</strong></span> <span class='ocrx_word' id='word_1_41' title='bbox 1283 637 1553 681; x_wconf 88' lang='lat' dir='ltr'><strong>obluctatos.</strong></span> <span class='ocrx_word' id='word_1_42' title='bbox 1602 638 1725 684; x_wconf 79' lang='lat' dir='ltr'><strong>Alte-</strong></span> 
     </span>
     <span class='ocr_line' id='line_1_7' title="bbox 161 698 1727 763; baseline 0.006 -23"><span class='ocrx_word' id='word_1_43' title='bbox 161 698 254 749; x_wconf 85' lang='lat' dir='ltr'><strong>rius</strong></span> <span class='ocrx_word' id='word_1_44' title='bbox 283 698 427 741; x_wconf 84' lang='lat' dir='ltr'><strong>utrius</strong></span> <span class='ocrx_word' id='word_1_45' title='bbox 461 705 609 755; x_wconf 86' lang='lat' dir='ltr'><strong>partes</strong></span> <span class='ocrx_word' id='word_1_46' title='bbox 639 699 677 742; x_wconf 87' lang='lat' dir='ltr'><strong>si</strong></span> <span class='ocrx_word' id='word_1_47' title='bbox 705 699 820 743; x_wconf 87' lang='lat' dir='ltr'><strong>inter</strong></span> <span class='ocrx_word' id='word_1_48' title='bbox 849 700 1014 752; x_wconf 85' lang='lat' dir='ltr'><strong>multos</strong></span> <span class='ocrx_word' id='word_1_49' title='bbox 1045 701 1158 745; x_wconf 89' lang='lat' dir='ltr'><strong>alios</strong></span> <span class='ocrx_word' id='word_1_50' title='bbox 1189 703 1308 746; x_wconf 83' lang='lat' dir='ltr'><strong>cives</strong></span> <span class='ocrx_word' id='word_1_51' title='bbox 1338 706 1480 748; x_wconf 86' lang='lat' dir='ltr'><strong>nostri</strong></span> <span class='ocrx_word' id='word_1_52' title='bbox 1508 711 1636 763; x_wconf 87' lang='lat' dir='ltr'><strong>pater</strong></span> <span class='ocrx_word' id='word_1_53' title='bbox 1655 706 1727 749; x_wconf 89' lang='lat' dir='ltr'><strong>vel</strong></span> 
     </span>
     <span class='ocr_line' id='line_1_8' title="bbox 162 767 1725 829; baseline 0.006 -21"><span class='ocrx_word' id='word_1_54' title='bbox 162 780 276 809; x_wconf 86' lang='lat' dir='ltr'><strong>avus</strong></span> <span class='ocrx_word' id='word_1_55' title='bbox 305 772 486 810; x_wconf 79' lang='lat' dir='ltr'><strong>secut-us</strong></span> <span class='ocrx_word' id='word_1_56' title='bbox 518 772 598 817; x_wconf 87' lang='lat' dir='ltr'><strong>est,</strong></span> <span class='ocrx_word' id='word_1_57' title='bbox 628 767 776 811; x_wconf 86' lang='lat' dir='ltr'><strong>socius</strong></span> <span class='ocrx_word' id='word_1_58' title='bbox 805 767 1068 820; x_wconf 81' lang='lat' dir='ltr'><strong>facinorum,</strong></span> <span class='ocrx_word' id='word_1_59' title='bbox 1101 784 1217 828; x_wconf 88' lang='lat' dir='ltr'><strong>quae</strong></span> <span class='ocrx_word' id='word_1_60' title='bbox 1248 772 1400 829; x_wconf 89' lang='lat' dir='ltr'><strong>perfici</strong></span> <span class='ocrx_word' id='word_1_61' title='bbox 1428 773 1577 817; x_wconf 79' lang='lat' dir='ltr'><strong>solent</strong></span> <span class='ocrx_word' id='word_1_62' title='bbox 1607 774 1725 817; x_wconf 88' lang='lat' dir='ltr'><strong>bello</strong></span> 
     </span>
     <span class='ocr_line' id='line_1_9' title="bbox 162 834 1728 912; baseline 0.006 -36"><span class='ocrx_word' id='word_1_63' title='bbox 162 834 292 884; x_wconf 87' lang='lat' dir='ltr'><strong>civili,</strong></span> <span class='ocrx_word' id='word_1_64' title='bbox 313 835 477 912; x_wconf 36' lang='lat' dir='ltr'><strong>‘quidni</strong></span> <span class='ocrx_word' id='word_1_65' title='bbox 508 834 612 879; x_wconf 88' lang='lat' dir='ltr'><strong>inde</strong></span> <span class='ocrx_word' id='word_1_66' title='bbox 640 836 854 882; x_wconf 83' lang='lat' dir='ltr'><strong>retulerit</strong></span> <span class='ocrx_word' id='word_1_67' title='bbox 870 852 1139 895; x_wconf 83' lang='lat' dir='ltr'><strong>cognomen,</strong></span> <span class='ocrx_word' id='word_1_68' title='bbox 1162 845 1214 882; x_wconf 86' lang='lat' dir='ltr'><strong>ut</strong></span> <span class='ocrx_word' id='word_1_69' title='bbox 1234 840 1560 885; x_wconf 81' lang='lat' dir='ltr'><strong>discerneretur</strong></span> <span class='ocrx_word' id='word_1_70' title='bbox 1579 857 1606 885; x_wconf 89' lang='lat' dir='ltr'><strong>a</strong></span> <span class='ocrx_word' id='word_1_71' title='bbox 1627 857 1728 900; x_wconf 92' lang='lat' dir='ltr'><strong>pro-</strong></span> 
     </span>
    </p>
   </div>
   <div class='ocr_carea' id='block_1_3' title="bbox 163 903 1730 1049">
    <p class='ocr_par' dir='ltr' id='par_1_3' title="bbox 163 903 1730 1029">
     <span class='ocr_line' id='line_1_10' title="bbox 165 903 1730 976; baseline 0.006 -32"><span class='ocrx_word' id='word_1_72' title='bbox 165 903 368 976; x_wconf 85' lang='lat' dir='ltr'><strong>pinquis,</strong></span> <span class='ocrx_word' id='word_1_73' title='bbox 418 904 493 960; x_wconf 89' lang='lat' dir='ltr'><strong>qui</strong></span> <span class='ocrx_word' id='word_1_74' title='bbox 531 917 643 960; x_wconf 89' lang='lat' dir='ltr'><strong>pace</strong></span> <span class='ocrx_word' id='word_1_75' title='bbox 673 911 851 947; x_wconf 86' lang='lat' dir='ltr'><strong>servata</strong></span> <span class='ocrx_word' id='word_1_76' title='bbox 881 919 935 948; x_wconf 80' lang='lat' dir='ltr'><strong>ex</strong></span> <span class='ocrx_word' id='word_1_77' title='bbox 965 906 1084 964; x_wconf 87' lang='lat' dir='ltr'><strong>agris</strong></span> <span class='ocrx_word' id='word_1_78' title='bbox 1114 907 1315 951; x_wconf 86' lang='lat' dir='ltr'><strong>colendis</strong></span> <span class='ocrx_word' id='word_1_79' title='bbox 1343 909 1626 968; x_wconf 85' lang='lat' dir='ltr'><strong>Rusticorum</strong></span> <span class='ocrx_word' id='word_1_80' title='bbox 1657 924 1730 953; x_wconf 90' lang='lat' dir='ltr'><strong>co-</strong></span> 
     </span>
     <span class='ocr_line' id='line_1_11' title="bbox 163 971 878 1049; baseline 0.004 -36"><span class='ocrx_word' id='word_1_81' title='bbox 163 972 353 1029; x_wconf 83' lang='lat' dir='ltr'><strong>gnomen</strong></span> <span class='ocrx_word' id='word_1_82' title='bbox 386 971 608 1029; x_wconf 87' lang='lat' dir='ltr'><strong>recepisse</strong></span> <span class='ocrx_word' id='word_1_83' title='bbox 638 971 878 1049; x_wconf 82' lang='lat' dir='ltr'><strong>videntur?</strong></span> 
     </span>
    </p>
   </div>
   <div class='ocr_carea' id='block_1_4' title="bbox 651 1316 1243 1497">
    <p class='ocr_par' dir='ltr' id='par_1_4' title="bbox 651 1316 1243 1497">
     <span class='ocr_line' id='line_1_12' title="bbox 651 1316 1243 1497; baseline 0.003 -37"><span class='ocrx_word' id='word_1_84' title='bbox 651 1395 748 1497; x_wconf 75' lang='lat' dir='ltr'><strong>Be</strong></span> <span class='ocrx_word' id='word_1_85' title='bbox 791 1317 970 1461; x_wconf 48' lang='lat' dir='ltr'><strong>anni&gt;</strong></span> <span class='ocrx_word' id='word_1_86' title='bbox 988 1316 1243 1462; x_wconf 75' lang='lat' dir='ltr'><strong>3natali.</strong></span> 
     </span>
    </p>
   </div>
   <div class='ocr_carea' id='block_1_5' title="bbox 158 1519 1766 2739">
    <p class='ocr_par' dir='ltr' id='par_1_5' title="bbox 158 1519 1766 2739">
     <span class='ocr_line' id='line_1_13' title="bbox 179 1519 1723 1581; baseline 0.003 -19"><span class='ocrx_word' id='word_1_87' title='bbox 179 1567 182 1570; x_wconf 54' lang='grc'>,</span> <span class='ocrx_word' id='word_1_88' title='bbox 276 1519 379 1574; x_wconf 83' lang='lat' dir='ltr'><strong>Quo</strong></span> <span class='ocrx_word' id='word_1_89' title='bbox 409 1525 611 1578; x_wconf 87' lang='lat' dir='ltr'><strong>tempore</strong></span> <span class='ocrx_word' id='word_1_90' title='bbox 629 1521 769 1565; x_wconf 85' lang='lat' dir='ltr'><strong>Latro</strong></span> <span class='ocrx_word' id='word_1_91' title='bbox 802 1528 928 1564; x_wconf 90' lang='lat' dir='ltr'><strong>ortus</strong></span> <span class='ocrx_word' id='word_1_92' title='bbox 958 1522 1027 1571; x_wconf 87' lang='lat' dir='ltr'><strong>sit,</strong></span> <span class='ocrx_word' id='word_1_93' title='bbox 1060 1523 1314 1579; x_wconf 83' lang='lat' dir='ltr'><strong>quaesituri,</strong></span> <span class='ocrx_word' id='word_1_94' title='bbox 1345 1522 1723 1581; x_wconf 32' lang='lat' dir='ltr'><strong>Senecae-annum</strong></span> 
     </span>
     <span class='ocr_line' id='line_1_14' title="bbox 166 1588 1719 1648; baseline 0.003 -17"><span class='ocrx_word' id='word_1_95' title='bbox 166 1588 361 1632; x_wconf 86' lang='lat' dir='ltr'><strong>natalem</strong></span> <span class='ocrx_word' id='word_1_96' title='bbox 398 1594 530 1632; x_wconf 85' lang='lat' dir='ltr'><strong>antea</strong></span> <span class='ocrx_word' id='word_1_97' title='bbox 560 1590 869 1635; x_wconf 82' lang='lat' dir='ltr'><strong>constituimus</strong></span> <span class='ocrx_word' id='word_1_98' title='bbox 900 1604 927 1632; x_wconf 89' lang='lat' dir='ltr'><strong>a</strong></span> <span class='ocrx_word' id='word_1_99' title='bbox 955 1589 1058 1633; x_wconf 92' lang='lat' dir='ltr'><strong>loco</strong></span> <span class='ocrx_word' id='word_1_100' title='bbox 1097 1590 1242 1633; x_wconf 85' lang='lat' dir='ltr'><strong>exorsi</strong></span> <span class='ocrx_word' id='word_1_101' title='bbox 1272 1590 1381 1634; x_wconf 88' lang='lat' dir='ltr'><strong>satis</strong></span> <span class='ocrx_word' id='word_1_102' title='bbox 1417 1590 1507 1634; x_wconf 89' lang='lat' dir='ltr'><strong>late</strong></span> <span class='ocrx_word' id='word_1_103' title='bbox 1537 1597 1719 1648; x_wconf 85' lang='lat' dir='ltr'><strong>patente</strong></span> 
     </span>
     <span class='ocr_line' id='line_1_15' title="bbox 164 1654 1723 1716; baseline 0.002 -18"><span class='ocrx_word' id='word_1_104' title='bbox 164 1654 306 1706; x_wconf 82' lang='lat' dir='ltr'><strong>contr.</strong></span> <span class='ocrx_word' id='word_1_105' title='bbox 336 1656 370 1699; x_wconf 93' lang='grc' dir='ltr'><strong>Ι.</strong></span> <span class='ocrx_word' id='word_1_106' title='bbox 399 1657 539 1713; x_wconf 86' lang='lat' dir='ltr'><strong>praef.</strong></span> <span class='ocrx_word' id='word_1_107' title='bbox 570 1657 638 1701; x_wconf 82' lang='lat'><strong>63.</strong></span> <span class='ocrx_word' id='word_1_108' title='bbox 697 1657 892 1709; x_wconf 86' lang='lat' dir='ltr'><strong>„Omn&#39;es</strong></span> <span class='ocrx_word' id='word_1_109' title='bbox 930 1666 1075 1700; x_wconf 89' lang='lat' dir='ltr'><strong>autem</strong></span> <span class='ocrx_word' id='word_1_110' title='bbox 1104 1659 1252 1716; x_wconf 88' lang='lat' dir='ltr'><strong>magni</strong></span> <span class='ocrx_word' id='word_1_111' title='bbox 1280 1659 1326 1701; x_wconf 89' lang='lat' dir='ltr'><strong>in</strong></span> <span class='ocrx_word' id='word_1_112' title='bbox 1356 1658 1613 1716; x_wconf 81' lang='lat' dir='ltr'><strong>eloquentia</strong></span> <span class='ocrx_word' id='word_1_113' title='bbox 1641 1675 1723 1701; x_wconf 89' lang='lat' dir='ltr'><strong>no-</strong></span> 
     </span>
     <span class='ocr_line' id='line_1_16' title="bbox 162 1724 1730 1784; baseline 0.002 -18"><span class='ocrx_word' id='word_1_114' title='bbox 162 1724 292 1767; x_wconf 86' lang='lat' dir='ltr'><strong>minis</strong></span> <span class='ocrx_word' id='word_1_115' title='bbox 328 1724 484 1768; x_wconf 86' lang='lat' dir='ltr'><strong>videor</strong></span> <span class='ocrx_word' id='word_1_116' title='bbox 520 1724 757 1769; x_wconf 86' lang='lat' dir='ltr'><strong>audivisse.</strong></span> <span class='ocrx_word' id='word_1_117' title='bbox 822 1725 918 1769; x_wconf 90' lang='lat' dir='ltr'><strong>Nec</strong></span> <span class='ocrx_word' id='word_1_118' title='bbox 949 1725 1204 1768; x_wconf 87' lang='lat' dir='ltr'><strong>Ciceronem</strong></span> <span class='ocrx_word' id='word_1_119' title='bbox 1244 1726 1423 1784; x_wconf 82' lang='lat' dir='ltr'><strong>quidem</strong></span> <span class='ocrx_word' id='word_1_120' title='bbox 1461 1733 1584 1769; x_wconf 90' lang='lat' dir='ltr'><strong>aetas</strong></span> <span class='ocrx_word' id='word_1_121' title='bbox 1622 1726 1730 1770; x_wconf 77' lang='lat' dir='ltr'><strong>mihi</strong></span> 
     </span>
     <span class='ocr_line' id='line_1_17' title="bbox 163 1788 1727 1852; baseline 0.003 -19"><span class='ocrx_word' id='word_1_122' title='bbox 163 1788 399 1849; x_wconf 86' lang='lat' dir='ltr'><strong>eripuerat,</strong></span> <span class='ocrx_word' id='word_1_123' title='bbox 430 1792 511 1836; x_wconf 87' lang='lat' dir='ltr'><strong>sed</strong></span> <span class='ocrx_word' id='word_1_124' title='bbox 539 1793 758 1837; x_wconf 91' lang='lat' dir='ltr'><strong>bellorum</strong></span> <span class='ocrx_word' id='word_1_125' title='bbox 789 1793 981 1836; x_wconf 89' lang='lat' dir='ltr'><strong>civilium</strong></span> <span class='ocrx_word' id='word_1_126' title='bbox 1001 1792 1139 1844; x_wconf 70' lang='lat' dir='ltr'><strong>furor,</strong></span> <span class='ocrx_word' id='word_1_127' title='bbox 1173 1794 1249 1852; x_wconf 90' lang='lat' dir='ltr'><strong>qui</strong></span> <span class='ocrx_word' id='word_1_128' title='bbox 1268 1793 1390 1837; x_wconf 90' lang='lat' dir='ltr'><strong>hunc</strong></span> <span class='ocrx_word' id='word_1_129' title='bbox 1410 1799 1553 1837; x_wconf 79' lang='lat' dir='ltr'><strong>totum</strong></span> <span class='ocrx_word' id='word_1_130' title='bbox 1575 1794 1727 1837; x_wconf 90' lang='lat' dir='ltr'><strong>orbem</strong></span> 
     </span>
     <span class='ocr_line' id='line_1_18' title="bbox 165 1861 1766 1919; baseline 0.001 -17"><span class='ocrx_word' id='word_1_131' title='bbox 165 1861 519 1919; x_wconf 82' lang='lat' dir='ltr'><strong>pervagabatur,</strong></span> <span class='ocrx_word' id='word_1_132' title='bbox 557 1861 672 1907; x_wconf 80' lang='lat' dir='ltr'><strong>intra</strong></span> <span class='ocrx_word' id='word_1_133' title='bbox 701 1861 925 1905; x_wconf 86' lang='lat' dir='ltr'><strong>coloniam</strong></span> <span class='ocrx_word' id='word_1_134' title='bbox 953 1875 1095 1903; x_wconf 91' lang='lat' dir='ltr'><strong>meam</strong></span> <span class='ocrx_word' id='word_1_135' title='bbox 1124 1876 1193 1904; x_wconf 89' lang='lat' dir='ltr'><strong>me</strong></span> <span class='ocrx_word' id='word_1_136' title='bbox 1223 1862 1454 1907; x_wconf 83' lang='lat' dir='ltr'><strong>continuit.</strong></span> <span class='ocrx_word' id='word_1_137' title='bbox 1511 1861 1727 1919; x_wconf 87' lang='lat' dir='ltr'><strong>Alioquin</strong></span> <span class='ocrx_word' id='word_1_138' title='bbox 1764 1890 1766 1892; x_wconf 84' lang='lat'>·</span> 
     </span>
     <span class='ocr_line' id='line_1_19' title="bbox 159 1928 1726 1987; baseline 0 -15"><span class='ocrx_word' id='word_1_139' title='bbox 159 1928 207 1972; x_wconf 90' lang='lat' dir='ltr'><strong>in</strong></span> <span class='ocrx_word' id='word_1_140' title='bbox 243 1929 321 1972; x_wconf 88' lang='lat' dir='ltr'><strong>illo</strong></span> <span class='ocrx_word' id='word_1_141' title='bbox 360 1928 540 1980; x_wconf 85' lang='lat' dir='ltr'><strong>atriolo,</strong></span> <span class='ocrx_word' id='word_1_142' title='bbox 579 1929 627 1972; x_wconf 91' lang='lat' dir='ltr'><strong>in</strong></span> <span class='ocrx_word' id='word_1_143' title='bbox 663 1937 755 1987; x_wconf 82' lang='lat' dir='ltr'><strong>qno</strong></span> <span class='ocrx_word' id='word_1_144' title='bbox 793 1928 883 1972; x_wconf 90' lang='lat' dir='ltr'><strong>duo</strong></span> <span class='ocrx_word' id='word_1_145' title='bbox 913 1928 1107 1987; x_wconf 85' lang='lat' dir='ltr'><strong>grandes</strong></span> <span class='ocrx_word' id='word_1_146' title='bbox 1141 1935 1447 1986; x_wconf 85' lang='lat' dir='ltr'><strong>praetextatos</strong></span> <span class='ocrx_word' id='word_1_147' title='bbox 1485 1929 1547 1973; x_wconf 86' lang='lat' dir='ltr'><strong>ait</strong></span> <span class='ocrx_word' id='word_1_148' title='bbox 1576 1944 1726 1972; x_wconf 86' lang='lat' dir='ltr'><strong>secum</strong></span> 
     </span>
     <span class='ocr_line' id='line_1_20' title="bbox 162 1996 1722 2055; baseline 0 -16"><span class='ocrx_word' id='word_1_149' title='bbox 162 1996 411 2040; x_wconf 86' lang='lat' dir='ltr'><strong>declamare</strong></span> <span class='ocrx_word' id='word_1_150' title='bbox 440 1997 614 2048; x_wconf 87' lang='lat' dir='ltr'><strong>solitos,</strong></span> <span class='ocrx_word' id='word_1_151' title='bbox 642 1998 772 2055; x_wconf 76' lang='lat' dir='ltr'><strong>potui</strong></span> <span class='ocrx_word' id='word_1_152' title='bbox 799 1997 913 2040; x_wconf 93' lang='lat' dir='ltr'><strong>illud</strong></span> <span class='ocrx_word' id='word_1_153' title='bbox 942 1998 1178 2055; x_wconf 87' lang='lat' dir='ltr'><strong>ingenium,</strong></span> <span class='ocrx_word' id='word_1_154' title='bbox 1209 1997 1331 2055; x_wconf 90' lang='lat' dir='ltr'><strong>quod</strong></span> <span class='ocrx_word' id='word_1_155' title='bbox 1355 1997 1500 2041; x_wconf 91' lang='lat' dir='ltr'><strong>solum</strong></span> <span class='ocrx_word' id='word_1_156' title='bbox 1521 1997 1722 2054; x_wconf 87' lang='lat' dir='ltr'><strong>populus</strong></span> 
     </span>
     <span class='ocr_line' id='line_1_21' title="bbox 162 2061 1731 2124; baseline 0.001 -17"><span class='ocrx_word' id='word_1_157' title='bbox 162 2064 393 2109; x_wconf 85' lang='lat' dir='ltr'><strong>Romanus</strong></span> <span class='ocrx_word' id='word_1_158' title='bbox 429 2079 514 2123; x_wconf 90' lang='lat' dir='ltr'><strong>par</strong></span> <span class='ocrx_word' id='word_1_159' title='bbox 551 2064 736 2124; x_wconf 90' lang='lat' dir='ltr'><strong>imperio</strong></span> <span class='ocrx_word' id='word_1_160' title='bbox 786 2080 868 2109; x_wconf 88' lang='lat' dir='ltr'><strong>suo</strong></span> <span class='ocrx_word' id='word_1_161' title='bbox 906 2064 1085 2117; x_wconf 85' lang='lat' dir='ltr'><strong>habuit,</strong></span> <span class='ocrx_word' id='word_1_162' title='bbox 1133 2061 1444 2124; x_wconf 81' lang='lat' dir='ltr'><strong>cognoscere.“</strong></span> <span class='ocrx_word' id='word_1_163' title='bbox 1514 2065 1731 2109; x_wconf 80' lang='lat' dir='ltr'><strong>Cicerone</strong></span> 
     </span>
     <span class='ocr_line' id='line_1_22' title="bbox 162 2133 1729 2191; baseline 0 -16"><span class='ocrx_word' id='word_1_164' title='bbox 162 2133 281 2184; x_wconf 87' lang='lat' dir='ltr'><strong>vivo,</strong></span> <span class='ocrx_word' id='word_1_165' title='bbox 312 2134 338 2175; x_wconf 88' lang='lat' dir='ltr'><strong>i.</strong></span> <span class='ocrx_word' id='word_1_166' title='bbox 370 2148 405 2176; x_wconf 91' lang='lat' dir='ltr'><strong>e.</strong></span> <span class='ocrx_word' id='word_1_167' title='bbox 437 2140 540 2176; x_wconf 87' lang='lat' dir='ltr'><strong>ante</strong></span> <span class='ocrx_word' id='word_1_168' title='bbox 570 2149 733 2177; x_wconf 89' lang='lat' dir='ltr'><strong>annum</strong></span> <span class='ocrx_word' id='word_1_169' title='bbox 764 2134 844 2176; x_wconf 90' lang='lat'><strong>711</strong></span> <span class='ocrx_word' id='word_1_170' title='bbox 878 2148 921 2191; x_wconf 92' lang='lat' dir='ltr'><strong>p.</strong></span> <span class='ocrx_word' id='word_1_171' title='bbox 944 2147 1010 2185; x_wconf 63' lang='lat' dir='ltr'><strong>&#39;u.‚</strong></span> <span class='ocrx_word' id='word_1_172' title='bbox 1040 2134 1096 2176; x_wconf 86' lang='lat'><strong>43</strong></span> <span class='ocrx_word' id='word_1_173' title='bbox 1126 2148 1165 2177; x_wconf 90' lang='lat' dir='ltr'><strong>a.</strong></span> <span class='ocrx_word' id='word_1_174' title='bbox 1188 2134 1267 2178; x_wconf 89' lang='lat' dir='ltr'><strong>Ch.</strong></span> <span class='ocrx_word' id='word_1_175' title='bbox 1299 2134 1515 2176; x_wconf 88' lang='lat' dir='ltr'><strong>Senecam</strong></span> <span class='ocrx_word' id='word_1_176' title='bbox 1544 2133 1729 2176; x_wconf 89' lang='lat' dir='ltr'><strong>Romam</strong></span> 
     </span>
     <span class='ocr_line' id='line_1_23' title="bbox 159 2193 1725 2260; baseline 0 -16"><span class='ocrx_word' id='word_1_177' title='bbox 159 2216 253 2244; x_wconf 92' lang='lat' dir='ltr'><strong>non</strong></span> <span class='ocrx_word' id='word_1_178' title='bbox 283 2202 478 2253; x_wconf 89' lang='lat' dir='ltr'><strong>venisse,</strong></span> <span class='ocrx_word' id='word_1_179' title='bbox 516 2200 579 2245; x_wconf 45' lang='lat' dir='ltr'><strong>ex*</strong></span> <span class='ocrx_word' id='word_1_180' title='bbox 598 2202 670 2246; x_wconf 89' lang='lat' dir='ltr'><strong>his</strong></span> <span class='ocrx_word' id='word_1_181' title='bbox 701 2193 860 2246; x_wconf 29' lang='lat' dir='ltr'><strong>verbis*</strong></span> <span class='ocrx_word' id='word_1_182' title='bbox 880 2202 1084 2260; x_wconf 88' lang='lat' dir='ltr'><strong>profecto</strong></span> <span class='ocrx_word' id='word_1_183' title='bbox 1125 2208 1328 2259; x_wconf 86' lang='lat' dir='ltr'><strong>apparet.</strong></span> <span class='ocrx_word' id='word_1_184' title='bbox 1395 2201 1725 2245; x_wconf 84' lang='lat' dir='ltr'><strong>Declamantem</strong></span> 
     </span>
     <span class='ocr_line' id='line_1_24' title="bbox 160 2268 1727 2326; baseline 0.001 -14"><span class='ocrx_word' id='word_1_185' title='bbox 160 2277 308 2312; x_wconf 87' lang='lat' dir='ltr'><strong>autem</strong></span> <span class='ocrx_word' id='word_1_186' title='bbox 345 2269 466 2312; x_wconf 91' lang='lat' dir='ltr'><strong>domi</strong></span> <span class='ocrx_word' id='word_1_187' title='bbox 503 2283 612 2312; x_wconf 88' lang='lat' dir='ltr'><strong>suae</strong></span> <span class='ocrx_word' id='word_1_188' title='bbox 643 2270 895 2314; x_wconf 88' lang='lat' dir='ltr'><strong>Ciceronem</strong></span> <span class='ocrx_word' id='word_1_189' title='bbox 932 2285 1039 2313; x_wconf 89' lang='lat' dir='ltr'><strong>num</strong></span> <span class='ocrx_word' id='word_1_190' title='bbox 1075 2269 1323 2312; x_wconf 86' lang='lat' dir='ltr'><strong>audivisset</strong></span> <span class='ocrx_word' id='word_1_191' title='bbox 1360 2283 1475 2326; x_wconf 88' lang='lat' dir='ltr'><strong>puer</strong></span> <span class='ocrx_word' id='word_1_192' title='bbox 1502 2275 1597 2312; x_wconf 89' lang='lat' dir='ltr'><strong>arte</strong></span> <span class='ocrx_word' id='word_1_193' title='bbox 1626 2268 1727 2313; x_wconf 83' lang='lat' dir='ltr'><strong>rhe-</strong></span> 
     </span>
     <span class='ocr_line' id='line_1_25' title="bbox 158 2332 1730 2396; baseline -0.001 -16"><span class='ocrx_word' id='word_1_194' title='bbox 158 2339 303 2381; x_wconf 84' lang='lat' dir='ltr'><strong>torica</strong></span> <span class='ocrx_word' id='word_1_195' title='bbox 333 2337 533 2380; x_wconf 90' lang='lat' dir='ltr'><strong>nondum</strong></span> <span class='ocrx_word' id='word_1_196' title='bbox 564 2338 791 2381; x_wconf 80' lang='lat' dir='ltr'><strong>imbutus?</strong></span> <span class='ocrx_word' id='word_1_197' title='bbox 820 2338 1050 2396; x_wconf 86' lang='lat' dir='ltr'><strong>Ingenium</strong></span> <span class='ocrx_word' id='word_1_198' title='bbox 1082 2343 1133 2381; x_wconf 87' lang='lat' dir='ltr'><strong>ut</strong></span> <span class='ocrx_word' id='word_1_199' title='bbox 1163 2332 1466 2395; x_wconf 85' lang='lat' dir='ltr'><strong>cognosceret,</strong></span> <span class='ocrx_word' id='word_1_200' title='bbox 1497 2351 1646 2379; x_wconf 87' lang='lat' dir='ltr'><strong>nonne</strong></span> <span class='ocrx_word' id='word_1_201' title='bbox 1667 2337 1730 2380; x_wconf 90' lang='lat' dir='ltr'><strong>in-</strong></span> 
     </span>
     <span class='ocr_line' id='line_1_26' title="bbox 159 2397 1729 2464; baseline -0.002 -15"><span class='ocrx_word' id='word_1_202' title='bbox 159 2397 401 2449; x_wconf 74' lang='lat' dir='ltr'><strong>stitutionev</strong></span> <span class='ocrx_word' id='word_1_203' title='bbox 420 2406 514 2463; x_wconf 84' lang='lat' dir='ltr'><strong>jam</strong></span> <span class='ocrx_word' id='word_1_204' title='bbox 552 2406 650 2464; x_wconf 90' lang='lat' dir='ltr'><strong>ipse</strong></span> <span class='ocrx_word' id='word_1_205' title='bbox 686 2406 878 2449; x_wconf 89' lang='lat' dir='ltr'><strong>debebat</strong></span> <span class='ocrx_word' id='word_1_206' title='bbox 914 2420 1025 2449; x_wconf 93' lang='lat' dir='ltr'><strong>usus</strong></span> <span class='ocrx_word' id='word_1_207' title='bbox 1064 2420 1162 2448; x_wconf 87' lang='lat' dir='ltr'><strong>esse</strong></span> <span class='ocrx_word' id='word_1_208' title='bbox 1200 2412 1244 2448; x_wconf 88' lang='lat' dir='ltr'><strong>et</strong></span> <span class='ocrx_word' id='word_1_209' title='bbox 1281 2405 1559 2463; x_wconf 88' lang='lat' dir='ltr'><strong>aliquantum</strong></span> <span class='ocrx_word' id='word_1_210' title='bbox 1599 2405 1645 2446; x_wconf 86' lang='lat' dir='ltr'><strong>in</strong></span> <span class='ocrx_word' id='word_1_211' title='bbox 1676 2419 1729 2447; x_wconf 84' lang='lat' dir='ltr'><strong>ea</strong></span> 
     </span>
     <span class='ocr_line' id='line_1_27' title="bbox 158 2467 1729 2533; baseline -0.001 -16"><span class='ocrx_word' id='word_1_212' title='bbox 158 2474 436 2533; x_wconf 78' lang='lat' dir='ltr'><strong>profecisse?</strong></span> <span class='ocrx_word' id='word_1_213' title='bbox 467 2467 592 2527; x_wconf 83' lang='lat' dir='ltr'><strong>Quae</strong></span> <span class='ocrx_word' id='word_1_214' title='bbox 623 2474 749 2533; x_wconf 91' lang='lat' dir='ltr'><strong>quod</strong></span> <span class='ocrx_word' id='word_1_215' title='bbox 777 2475 893 2517; x_wconf 88' lang='lat' dir='ltr'><strong>intra</strong></span> <span class='ocrx_word' id='word_1_216' title='bbox 920 2473 1138 2532; x_wconf 88' lang='lat' dir='ltr'><strong>pueritiae</strong></span> <span class='ocrx_word' id='word_1_217' title='bbox 1167 2487 1311 2516; x_wconf 89' lang='lat' dir='ltr'><strong>annos</strong></span> <span class='ocrx_word' id='word_1_218' title='bbox 1342 2472 1666 2518; x_wconf 87' lang='lat' dir='ltr'><strong>duodecimum.</strong></span> <span class='ocrx_word' id='word_1_219' title='bbox 1684 2478 1729 2516; x_wconf 88' lang='lat' dir='ltr'><strong>et</strong></span> 
     </span>
     <span class='ocr_line' id='line_1_28' title="bbox 162 2540 1731 2601; baseline -0.003 -15"><span class='ocrx_word' id='word_1_220' title='bbox 162 2544 364 2601; x_wconf 88' lang='lat' dir='ltr'><strong>quintum</strong></span> <span class='ocrx_word' id='word_1_221' title='bbox 396 2543 608 2593; x_wconf 90' lang='lat' dir='ltr'><strong>decimum</strong></span> <span class='ocrx_word' id='word_1_222' title='bbox 640 2543 731 2586; x_wconf 90' lang='lat' dir='ltr'><strong>fere</strong></span> <span class='ocrx_word' id='word_1_223' title='bbox 761 2543 1102 2592; x_wconf 83' lang='lat' dir='ltr'><strong>absolvebatur,</strong></span> <span class='ocrx_word' id='word_1_224' title='bbox 1142 2541 1313 2584; x_wconf 85' lang='lat' dir='ltr'><strong>Seneca</strong></span> <span class='ocrx_word' id='word_1_225' title='bbox 1344 2555 1455 2598; x_wconf 92' lang='lat' dir='ltr'><strong>puer</strong></span> <span class='ocrx_word' id='word_1_226' title='bbox 1482 2540 1588 2591; x_wconf 86' lang='lat' dir='ltr'><strong>fuit,</strong></span> <span class='ocrx_word' id='word_1_227' title='bbox 1632 2555 1731 2583; x_wconf 88' lang='lat' dir='ltr'><strong>cum</strong></span> 
     </span>
     <span class='ocr_line' id='line_1_29' title="bbox 163 2609 1731 2670; baseline -0.003 -14"><span class='ocrx_word' id='word_1_228' title='bbox 163 2612 315 2656; x_wconf 89' lang='lat' dir='ltr'><strong>Cicero</strong></span> <span class='ocrx_word' id='word_1_229' title='bbox 337 2613 574 2663; x_wconf 86' lang='lat' dir='ltr'><strong>occideret,</strong></span> <span class='ocrx_word' id='word_1_230' title='bbox 606 2612 964 2670; x_wconf 86' lang='lat' dir='ltr'><strong>quattuordecim</strong></span> <span class='ocrx_word' id='word_1_231' title='bbox 985 2611 1058 2655; x_wconf 93' lang='lat' dir='ltr'><strong>vel</strong></span> <span class='ocrx_word' id='word_1_232' title='bbox 1079 2609 1330 2669; x_wconf 87' lang='lat' dir='ltr'><strong>quindecim</strong></span> <span class='ocrx_word' id='word_1_233' title='bbox 1350 2624 1581 2658; x_wconf 87' lang='lat' dir='ltr'><strong>annorum,</strong></span> <span class='ocrx_word' id='word_1_234' title='bbox 1612 2611 1731 2653; x_wconf 77' lang='lat' dir='ltr'><strong>certe</strong></span> 
     </span>
     <span class='ocr_line' id='line_1_30' title="bbox 159 2676 1672 2739; baseline -0.002 -17"><span class='ocrx_word' id='word_1_235' title='bbox 159 2694 254 2722; x_wconf 90' lang='lat' dir='ltr'><strong>non</strong></span> <span class='ocrx_word' id='word_1_236' title='bbox 281 2686 415 2724; x_wconf 84' lang='lat' dir='ltr'><strong>natus</strong></span> <span class='ocrx_word' id='word_1_237' title='bbox 443 2688 552 2739; x_wconf 89' lang='lat' dir='ltr'><strong>post</strong></span> <span class='ocrx_word' id='word_1_238' title='bbox 581 2695 747 2723; x_wconf 88' lang='lat' dir='ltr'><strong>annum</strong></span> <span class='ocrx_word' id='word_1_239' title='bbox 775 2679 860 2723; x_wconf 88' lang='lat'><strong>696</strong></span> <span class='ocrx_word' id='word_1_240' title='bbox 889 2680 962 2722; x_wconf 92' lang='lat' dir='ltr'><strong>vel</strong></span> <span class='ocrx_word' id='word_1_241' title='bbox 990 2679 1074 2721; x_wconf 89' lang='grc'><strong>697</strong></span> <span class='ocrx_word' id='word_1_242' title='bbox 1104 2693 1149 2735; x_wconf 89' lang='lat' dir='ltr'><strong>p.</strong></span> <span class='ocrx_word' id='word_1_243' title='bbox 1179 2693 1223 2729; x_wconf 94' lang='lat' dir='ltr'><strong>u,</strong></span> <span class='ocrx_word' id='word_1_244' title='bbox 1254 2677 1308 2720; x_wconf 84' lang='lat'><strong>57</strong></span> <span class='ocrx_word' id='word_1_245' title='bbox 1339 2677 1410 2721; x_wconf 89' lang='lat' dir='ltr'><strong>vel</strong></span> <span class='ocrx_word' id='word_1_246' title='bbox 1440 2676 1497 2719; x_wconf 88' lang='lat'><strong>58</strong></span> <span class='ocrx_word' id='word_1_247' title='bbox 1526 2691 1565 2719; x_wconf 87' lang='lat' dir='ltr'><strong>a.</strong></span> <span class='ocrx_word' id='word_1_248' title='bbox 1589 2676 1672 2720; x_wconf 78' lang='lat' dir='ltr'><strong>Ch:</strong></span> 
     </span>
    </p>
   </div>
   <div class='ocr_carea' id='block_1_6' title="bbox 161 2785 434 2793">
    <p class='ocr_par' dir='ltr' id='par_1_6' title="bbox 161 2785 434 2793">
     <span class='ocr_line' id='line_1_31' title="bbox 161 2785 434 2793; baseline 0 297"><span class='ocrx_word' id='word_1_249' title='bbox 161 2785 434 2793; x_wconf 95' lang='lat' dir='ltr'><strong> </strong></span> 
     </span>
    </p>
   </div>
   <div class='ocr_carea' id='block_1_7' title="bbox 115 2834 1736 2948">
    <p class='ocr_par' dir='ltr' id='par_1_7' title="bbox 115 2834 1736 2948">
     <span class='ocr_line' id='line_1_32' title="bbox 160 2834 1736 2883; baseline -0.003 -8"><span class='ocrx_word' id='word_1_250' title='bbox 160 2840 340 2883; x_wconf 82' lang='lat' dir='ltr'><strong>bertatis‚“</strong></span> <span class='ocrx_word' id='word_1_251' title='bbox 357 2839 401 2875; x_wconf 87' lang='lat' dir='ltr'><strong>ef.</strong></span> <span class='ocrx_word' id='word_1_252' title='bbox 415 2839 633 2876; x_wconf 76' lang='lat' dir='ltr'><strong>Gortiumad</strong></span> <span class='ocrx_word' id='word_1_253' title='bbox 648 2839 739 2875; x_wconf 89' lang='lat' dir='ltr'><strong>hunc</strong></span> <span class='ocrx_word' id='word_1_254' title='bbox 755 2838 891 2880; x_wconf 88' lang='lat' dir='ltr'><strong>locum;</strong></span> <span class='ocrx_word' id='word_1_255' title='bbox 907 2837 1102 2874; x_wconf 85' lang='lat' dir='ltr'><strong>Viriathum</strong></span> <span class='ocrx_word' id='word_1_256' title='bbox 1109 2837 1280 2873; x_wconf 80' lang='lat' dir='ltr'><strong>latronem</strong></span> <span class='ocrx_word' id='word_1_257' title='bbox 1296 2837 1414 2873; x_wconf 83' lang='lat' dir='ltr'><strong>dieunt</strong></span> <span class='ocrx_word' id='word_1_258' title='bbox 1428 2835 1555 2872; x_wconf 84' lang='lat' dir='ltr'><strong>Florus</strong></span> <span class='ocrx_word' id='word_1_259' title='bbox 1567 2835 1611 2871; x_wconf 85' lang='lat'><strong>11.</strong></span> <span class='ocrx_word' id='word_1_260' title='bbox 1625 2834 1677 2871; x_wconf 87' lang='grc'><strong>17.</strong></span> <span class='ocrx_word' id='word_1_261' title='bbox 1693 2834 1736 2871; x_wconf 84' lang='grc'><strong>15</strong></span> 
     </span>
     <span class='ocr_line' id='line_1_33' title="bbox 115 2893 1442 2948; baseline -0.003 -15"><span class='ocrx_word' id='word_1_262' title='bbox 115 2929 118 2933; x_wconf 89' lang='grc'><strong>.</strong></span> <span class='ocrx_word' id='word_1_263' title='bbox 160 2902 196 2933; x_wconf 84' lang='lat' dir='ltr'><strong>et</strong></span> <span class='ocrx_word' id='word_1_264' title='bbox 211 2896 355 2944; x_wconf 84' lang='lat' dir='ltr'><strong>Eutrop.</strong></span> <span class='ocrx_word' id='word_1_265' title='bbox 370 2897 432 2933; x_wconf 91' lang='lat' dir='ltr'><strong>IV.</strong></span> <span class='ocrx_word' id='word_1_266' title='bbox 451 2899 504 2940; x_wconf 84' lang='lat'><strong>16,</strong></span> <span class='ocrx_word' id='word_1_267' title='bbox 527 2897 754 2934; x_wconf 82' lang='lat' dir='ltr'><strong>Hermolaum</strong></span> <span class='ocrx_word' id='word_1_268' title='bbox 769 2895 983 2939; x_wconf 80' lang='lat' dir='ltr'><strong>Alexander,</strong></span> <span class='ocrx_word' id='word_1_269' title='bbox 999 2908 1055 2943; x_wconf 85' lang='lat' dir='ltr'><strong>ap.</strong></span> <span class='ocrx_word' id='word_1_270' title='bbox 1073 2894 1229 2948; x_wconf 72' lang='lat' dir='ltr'><strong>Curtium</strong></span> <span class='ocrx_word' id='word_1_271' title='bbox 1246 2894 1340 2930; x_wconf 88' lang='lat' dir='ltr'><strong>VIII.</strong></span> <span class='ocrx_word' id='word_1_272' title='bbox 1356 2894 1390 2931; x_wconf 82' lang='lat'><strong>8.</strong></span> <span class='ocrx_word' id='word_1_273' title='bbox 1408 2893 1442 2930; x_wconf 79' lang='lat'><strong>2.</strong></span> 
     </span>
    </p>
   </div>
  </div>
 </body>
</html>
