1888 3090
84 344 1719 467 ‘187341511620911117220m23262v3o320v

151 421 353 478 33)
509 430 513 435 ·

264 481 309 533 6.
341 488 562 534 Videtur
579 501 680 532 cum
699 488 797 533 hoc
827 487 1142 545 quaestionum
1171 484 1399 531 deminuto
1427 471 1612 533 numero
1649 496 1721 526 co-
1747 532 1749 534 ,
1806 515 1808 517 »

147 538 351 609 haerere,
389 556 539 616 quod
553 557 611 609 de
639 557 849 601 Latronis
885 557 1103 601 subtilium
1132 570 1161 598 a
1190 555 1361 600 Seneca
1391 555 1609 599 habemus
1632 557 1722 596 tra·

153 625 294 673 ditum
324 625 407 682 (cf.
430 631 574 669 contr.
602 629 636 668 Ι.
667 624 805 683 praef.
834 624 949 681 67),
954 624 1153 681 ,Putant
1169 625 1286 667 enim
1323 623 1498 668 fortiter
1528 620 1720 701 quidem,

77 742 81 746 .
152 692 235 736 sed
264 707 423 751 parum
452 692 674 749 subtiliter
702 707 802 736 eum
831 678 1040 736 dixissefl

263 761 564 805 Subtilitatis
580 775 697 819 quae
731 775 838 818 pars
884 761 945 804 sit
979 759 1268 819 intelligenda
1304 765 1357 804 ut
1401 759 1717 809 discernamus,

151 837 424 886 succurrunt
460 832 577 887 quae
606 828 777 873 Seneca
813 828 860 872 in
889 828 1180 888 sequentibus
1209 826 1357 879 addit,
1387 819 1597 872 refellere
1627 820 1719 870 stu'-
1781 851 1785 856 -

151 897 274 941 dens
290 897 452 948 ,falsam
482 898 603 941 hanc
632 898 690 941 de
708 898 905 941 Latrone
924 897 1152 941 hominum
1172 896 1440 955 opinionem.
1489 893 1719 955 „Id-quod

151 981 274 1010 nunc
302 981 330 1010 a
358 967 485 1016 nullo
515 966 609 1010 fieri
638 965 964 1017 animadverto,·
987 979 1161 1024 semper
1190 964 1307 1009 fecit.
1364 964 1620 1026 Antequam
1649 963 1718 1007 di-

151 1035 510 1091 eereinciperet,
539 1034 703 1078 sedens
735 1028 1021 1092 quaestiones
1051 1034 1169 1091 ejus,
1208 1047 1343 1091 quam
1378 1033 1579 1077 dicturus
1611 1038 1717 1086 erat,
1743 1084 1747 1087 ¹

151 1103 496 1146 controversiae·
513 1102 819 1161 proponebat,
857 1102 980 1160 quod
1017 1115 1212 1145 summae
1250 1099 1439 1144 fiduciae
1476 1105 1557 1145 est.
1614 1103 1720 1158 Ipsa

157 1171 272 1214 enim
302 1172 434 1218 actio¹
452 1171 628 1225 multas.
645 1170 842 1215 latebras
870 1170 1029 1221 habet,
1068 1184 1151 1213 nec
1188 1169 1332 1213 facile.
1347 1176 1516 1227 potest,
1552 1169 1590 1211 si
1627 1176 1719 1226 quo

80 1287 83 1291 .
116 1230 118 1232 V
151 1238 264 1299 loco:
289 1239 513 1282 subtilitas
530 1232 766 1299 defuerit,
792 1251 1029 1296 apparere,
1068 1253 1168 1281 cum
1204 1238 1423 1281 orationis
1458 1250 1631 1280 cursus·
1646 1236 1720 1294 jui-

154 1305 318 1349 dicium
348 1306 570 1350 audientis
599 1306 825 1364 impediat,
857 1306 1045 1349 dicentis
1075 1305 1347 1361 abscondat„
1395 1306 1456 1349 At
1490 1305 1569 1355 ubi
1597 1303 1720 1349 nuda

154 1370 476 1432 proponuntur
503 1373 699 1431 membra
729 1375 794 1427 „si
826 1375 935 1433 quid
965 1380 1044 1418 aut
1072 1389 1255 1418 numero
1301 1379 1380 1418 aut
1417 1373 1575 1418 ordine
1603 1373 1719 1416 exci-

154 1442 235 1493 dit,
264 1443 545 1502 manifestum
562 1439 685 1487 sest.“
715 1471 718 1477 ι
743 1443 892 1498 Quid?
920 1444 1039 1487 Hinc
1068 1443 1357 1486 subtilitatem
1385 1441 1716 1500 intelligendam
1761 1495 1764 1504 Ι

153 1511 252 1555 esse
281 1512 327 1555 in
350 1513 571 1555 :accurata
598 1511 815 1565 divisione
844 1512 1144 1570 conspicuam,
1175 1511 1214 1555 si
1251 1511 1351 1569 quis
1387 1510 1584 1554 nondum
1613 1525 1719 1553 con·

158 1581 353 1633 cesserit,
382 1580 678 1641 Buteonisin
707 1577 951 1623 Latronem
977 1581 1166 1637 impetu,
1198 1581 1275 1637 qui
1305 1585 1373 1623 est
1408 1580 1459 1625 in.
1493 1585 1633 1624 contr.
1654 1573 1715 1622 Π.

159 1647 225 1691 13.
260 1648 340 1691 182
372 1647 495 1706 quod
516 1642 636 1705 juris
668 1648 971 1707 quaestionem
1001 1663 1089 1690 non
1121 1647 1365 1714 sejunxerit
1393 1647 1449 1690 ab
1479 1646 1717 1705 aequitatis
1767 1663 1771 1668 ·
1795 1624 1798 1627 >
1831 1661 1835 1665 ·

152 1717 441 1766 tractatione,
482 1715 697 1773 profecto·
726 1716 784 1759 ad
815 1715 1194 1776 complectendam
1221 1722 1423 1758 nostram
1453 1715 1717 1758 sententiam

152 1783 369 1842 adigetur.
419 1783 718 1828 Subtilitatem
749 1784 861 1826 enim
892 1784 938 1826 iu
966 1783 1047 1826 illa
1062 1783 1312 1840 Buteonis‘)
1343 1783 1629 1826 distinctione
1647 1783 1716 1826 'vi-

153 1851 220 1896 dit
246 1852 489 1896 Passienus
517 1852 621 1903 loeo
660 1867 751 1895 nou
782 1859 944 1910 aptam.
971 1851 1141 1907 ¹Quam
1170 1852 1208 1895 si
1236 1852 1284 1895 in
1313 1851 1508 1895 Latrone
1538 1851 1613 1895 ille
1642 1844 1715 1895 de-
1765 1857 1768 1861 ’

154 1920 387 1972 sidu-avit,
424 1926 563 1979 ,quam
600 1920 731 1972 facile
770 1921 846 1979 qui
885 1927 1043 1964 contra
1089 1935 1254 1964 morem
1274 1921 1598 1979 <quaestionem
1637 1935 1717 1963 nu·

150 2003 318 2033 merum
337 1994 573 2041 coerceret,
605 2003 754 2044 carere
784 1989 870 2032 hac
900 1990 1063 2033 virtute
1082 1989 1278 2033 creditus
1300 1990 1371 2041 sit,
1393 2004 1493 2034 cum
1521 1989 1709 2032 maxime

108 2063 111 2074 ¹
152 2057 410 2115 praeferret,
442 2065 663 2115 apparet.

265 2124 356 2168 Sed
365 2125 580 2183 postulat
583 2126 715 2168 etiam
731 2125 967 2175 subtilitas,
974 2132 1039 2169 ut
1056 2141 1154 2169 cum
1170 2126 1370 2184 singulae
1382 2125 1715 2168 controversiae

152 2195 450 2253 quaestiones,
483 2193 539 2237 de
560 2191 725 2252 quibus
748 2194 948 2238 dicturus
969 2203 1037 2238 est
1058 2194 1342 2245 declamator,
1373 2201 1506 2240 notae
1524 2200 1570 2236 et
1589 2208 1718 2252 aper-

151 2263 225 2306 tae
242 2263 331 2305 sint
349 2262 642 2312 auditoribus,
665 2263 923 2309 ne-insidias
946 2263 1110 2320 facere,-
1124 2269 1202 2306 aut
1217 2263 1377 2306 callide
1398 2261 1570 2320 aliquid
1589 2261 1715 2305 dissi·

154 2330 325 2374 mulare
352 2327 560 2379 videatur
589 2330 659 2388 (cf.
681 2328 860 2374 Ernesti
880 2331 1027 2374 Lexic.
1059 2330 1253 2374 technol.
1284 2331 1359 2373 lat.
1391 2330 1503 2373 rhet.
1534 2345 1578 2388 p.
1600 2329 1713 2388 387),

153 2406 247 2443 tum
278 2406 375 2443 tuta
404 2400 564 2460 omnia,
596 2398 1006 2458 quaepmbantur,
1039 2406 1083 2443 et
1102 2400 1158 2442 ab
1180 2400 1383 2442 omnibus
1404 2399 1605 2456 partibus
1624 2413 1715 2442 mu-

155 2468 261 2512 nita.
300 2468 362 2511 At
375 2467 514 2510 Latro
535 2468 671 2511 altius
689 2468 909 2517 interdum
930 2468 1113 2511 volabat
1141 2473 1328 2525 propter
1340 2466 1544 2525 magnam
1557 2468 1715 2512 virium
1795 2493 1801 2499 =

240 2651 271 2696 ’)
294 2650 522 2694 ,,·Ρειεείοιιιιε,
537 2650 590 2686 vir
605 2651 912 2698 eloquentissimus
930 2656 965 2687 et
978 2651 1149 2699 temporis
1165 2650 1219 2686 sui
1236 2650 1369 2698 primus
1384 2655 1514 2694 orator,
1530 2650 1621 2687 hanc
1644 2648 1713 2688 sub

151 2708 307 2744 tilitatem
324 2708 471 2743 actionis
487 2720 558 2743 non
573 2709 747 2755 probabat
778 2710 818 2744 in
834 2709 862 2743 L
872 2716 916 2744 at
927 2721 1006 2744 ron
1017 2713 1065 2744 e“
1089 2713 1204 2743 exstat
1219 2708 1357 2755 quidem
1379 2709 1413 2742 in
1429 2708 1626 2752 codicibus,
1646 2710 1724 2744 sed·

152 2769 248 2800 certe
261 2765 481 2800 scribendum
496 2765 612 2808 „inB
621 2761 817 2810 ute-cnef‘
840 2766 1032 2801 Passienus
1048 2766 1139 2801 enim
1154 2765 1250 2812 quod
1261 2765 1404 2801 Latroni
1420 2760 1610 2802 assentitur
1623 2766 1714 2814 „itui-v

155 2833 224 2872 que
239 2822 274 2857 in
291 2822 478 2868 aequitatis
499 2823 741 2866 tractationem
757 2823 884 2858 cadunt
899 2824 1013 2867 etiam,
1034 2834 1125 2869 quae
1133 2822 1224 2869 juris
1240 2818 1353 2866 sunt“,
1367 2834 1439 2859 non
1452 2826 1574 2869 potest
1586 2822 1715 2870 impro-

154 2879 240 2915 bare
251 2878 321 2915 'nisi
336 2878 593 2923 Buteonem,=iu
609 2891 724 2927 quem,
739 2880 770 2915 si
785 2880 1048 2927 reprehenditur
1066 2879 1254 2924 subtilitas,
1269 2880 1357 2917 haec
1370 2878 1473 2916 cadat
1487 2890 1637 2916 necesse
1643 2882 1714 2918 est.
1733 2926 1738 2930 .
1773 2894 1776 2897 ’
