1888 3090
194 342 324 400 quasi
348 342 550 401 erepturi
580 342 827 399 venerunt).
876 340 947 398 Et
976 338 1351 400 quemadmodum
1382 353 1475 384 non
1505 338 1764 383 desideran-

158 443 160 445 -
192 417 267 460 tur
295 411 498 470 phrases,
530 425 645 469 quas
675 410 968 457 cumaeam-ie
993 409 1368 455 declamatoribus
1397 424 1666 454 cotmnunes⁴
1683 409 1764 453 ha-

179 479 455 536 -bet‚1-(velut
471 479 510 527 si
528 485 721 537 quaest
736 479 851 524 fides
879 486 1022 535 oontr.
1052 479 1133 522 ΙΙΙ.
1148 478 1230 522 21.
1247 478 1358 528 245,
1388 478 1454 522 οἳ..
1473 478 1553 522 ΠΙ.
1569 478 1642 531 20.
1663 478 1762 523 235·

191 547 273 591 IV.
304 548 371 594 27.
403 547 501 595 294,
532 547 611 591 IV.
643 547 711 591 29.
741 547 840 602 317,
867 548 972 600 1..1.
1003 547 1080 598 72,
1119 548 1188 597 77,
1218 557 1267 589 at
1294 547 1499 590 hercules
1529 546 1587 589 cf.
1618 551 1762 597 contr.

198 615 232 659 Ι.
263 616 303 663 2.
334 615 403 659 81.
434 615 488 661 Π.
513 615 578 659 15.
613 615 855 666 195;20f.>1.
886 615 926 659 2.
955 615 1025 666 83,-
1054 616 1132 659 111.
1154 615 1221 658 20.
1253 614 1350 665 239,
1380 615 1427 658 id
1447 614 1615 665 deerat,
1645 622 1762 658 ut...

179 712 181 714 ·
206 684 263 731 ef.
292 684 327 733 Ι,
348 683 388 727 2.
409 682 486 734 82.·,
517 683 573 727 cf.
603 683 639 736 I.
668 684 708 728 3.
740 683 819 736 92,-
845 684 881 743 Ι.
902 676 952 728 ’7.
984 684 1092 735 117,
1130 699 1223 727 non
1260 682 1439 727 habetis
1475 682 1675 742 quod...
1706 682 1764 727 cf.

198 761 339 795 contr.
369 752 453 796 111.
488 751 552 796 18.
584 752 668 795 225
696 752 769 810 ef„
792 767 886 799 non
923 752 1217 810 estquod...
1248 755 1390 805 eon'tr.
1429 752 1466 795 1.
1492 752 1534 795 4.
1568 752 1673 802 100,
1702 751 1761 795 Π.

191 821 231 866 9.
264 820 443 870 146‚·11.
474 819 542 874 10.
576 820 678 871 152,
708 820 763 864 Π.
797 820 862 866 11.
896 820 998 877 161,
1026 819 1107 863 IV.
1137 820 1205 863 29.
1236 819 1340 869 309,
1370 819 1429 864 V.
1458 818 1533 863 31.
1558 818 1663 870 336,
1703 818 1763 864 V.

191 889 260 934 32.
288 888 388 938 344,
418 887 476 931 V.
507 888 576 931 33.
605 887 727 946 353),
752 883 829 931 sie¹
844 889 891 931 in
920 888 1118 932 Latrone
1148 889 1279 932 etiam
1308 896 1407 932 tota
1436 888 1584 931 oratio
1614 887 1763 945 pen'o-

98 996 100 998 .
192 957 359 1009 dorum
387 972 586 1000 numero·
609 957 785 1015 privata
821 971 890 1000 ex
913 956 1126 1001 brevibus
1173 957 1405 1007 sententiis
1449 959 1648 1000 constat
1667 957 1764 1000 sino

190 1025 374 1071 vinculo
410 1026 688 1083 compositis.
762 1024 881 1069 Sed
898 1025 1012 1069 haee
1058 1026 1208 1069 omnia
1243 1026 1291 1070 in
1325 1039 1602 1069 communem
1640 1024 1763 1077 illius

191 1095 371 1138 aetatis
384 1109 511 1138 usum
543 1100 587 1138 et
613 1094 811 1152 linguam
840 1094 981 1151 ascita
1010 1101 1164 1146 erant3.
1189 1109 1216 1137 a
1245 1093 1445 1137 novandi
1475 1093 1643 1143 studio
1672 1094 1762 1137 nisi

190 1161 282 1206 huc
311 1161 451 1206 refers
480 1162 573 1206 duo
592 1162 732 1206 verba
759 1147 1128 1221 glomerarius
1158 1168 1299 1206 contr.
1329 1161 1363 1205 Ι.
1393 1161 1551 1206 &130
1579 1162 1649 1223 (A.
1666 1158 1764 1219 glo-

95 1247 98 1248 ’
190 1231 428 1285 menarius)
466 1238 531 1274 et
548 1231 897 1274 subinieetus
936 1238 1078 1274 eontr.
1117 1231 1170 1274 Π.
1214 1231 1279 1275 13.
1312 1231 1394 1274 1-74
1432 1232 1501 1285 (Α.
1532 1230 1586 1274 Β.
1615 1230 1764 1273 euboi-

192 1299 382 1355 nieetus)
401 1298 541 1342 Latro
562 1298 846 1341 abhorrebat.
881 1298 1181 1356 Repudiabat.
1193 1299 1322 1341 etiam
1340 1313 1478 1357 quam
1497 1297 1626 1356 apud
1644 1304 1762 1341 cete-

189 1381 267 1411 ros
296 1366 498 1410 rhetores
527 1366 652 1412 vides
682 1381 942 1425 graecarum
970 1381 1132 1410 vocum
1151 1366 1490 1417 multitudinem,
1520 1366 1673 1410 neseio
1702 1380 1761 1410 an

190 1442 377 1493 propter
406 1435 678 1478 Graecorum
713 1434 943 1478 rhetorum
980 1435 1231 1486 fastidium,
1269 1435 1395 1494 quod
1423 1436 1541 1487 infra
1569 1448 1760 1477 comme-

191 1503 394 1550 morabo.
427 1504 630 1547 Ceterum
648 1502 743 1546 hoo·
758 1504 950 1547 usitatae
969 1503 1150 1562 linguae
1176 1503 1375 1561 studium
1403 1510 1603 1552 testatur,
1625 1503 1760 1545 etiam
1822 1526 1826 1529 ·

195 1572 486 1618 soloecismus
517 1572 613 1623 ille,
650 1586 679 1615 a
708 1587 800 1630 quo
832 1581 1019 1616 exorsus
1049 1579 1118 1616 est
1148 1573 1410 1623 orationem,
1440 1587 1540 1616 eum
1573 1571 1761 1629 propin-

194 1655 336 1698 quum
362 1638 624 1684 defenderet
655 1641 702 1683 in
730 1640 950 1698 Hispania
981 1655 1103 1683 reum
1134 1640 1191 1685 cf.
1211 1641 1246 1684 Ι.
1277 1641 1304 1698 §
1328 1640 1376 1684 7.
1422 1640 1553 1697 Quos
1582 1640 1667 1683 nisi
1688 1639 1764 1683 'fu-

158 1712 161 1715 ⁴
191 1709 350 1767 gisset‚
382 1699 610 1768 quomodo
647 1709 824 1753 confusi
844 1710 994 1752 animi
1030 1709 1159 1768 signa
1195 1724 1275 1753 eos
1310 1709 1482 1753 Seneca
1519 1708 1761 1752 vocasset?

192 1777 248 1821 cf.
280 1783 420 1820 contr.
451 1777 530 1821 IV.
560 1777 702 1835 praef.
731 1777 829 1820 266.
1145 1835 1148 1839 .

290 1845 524 1896 Utebatur
541 1861 659 1889 vero
691 1845 779 1889 hoc
817 1860 1020 1889 sermone
1056 1852 1107 1890 ut
1134 1861 1232 1904 par,
1249 1851 1318 1889 est
1346 1845 1582 1904 praeclaro
1613 1845 1762 1893 deela-

190 1914 361 1973 matori.
421 1914 627 1957 Phrasim
656 1915 855 1958 habebat
890 1929 984 1958 non
1012 1915 1260 1973 vulgarem,
1298 1914 1445 1973 qualis
1481 1915 1526 1957 in
1558 1928 1763 1957 sermone

192 1978 385 2026 oeenrrit
415 1988 458 2025 et
487 1997 573 2026 usu
604 1982 828 2034 familiari,
866 1998 1014 2042 neque
1043 1974 1272 2027 sordidam
1302 1984 1422 2027 illam
1442 1983 1643 2033 Albani,
1683 1983 1763 2040 qui

192 2066 248 2096 ne
277 2051 579 2094 scholasticus
609 2051 854 2102 videretur,
893 2066 950 2094 ex
989 2052 1352 2109 splendidissima
1387 2052 1590 2096 oratione
1618 2058 1764 2095 trans-

189 2120 275 2163 iret
304 2120 350 2162 in
378 2119 757 2170 sordidissimam,
791 2120 972 2163 nimium
1016 2121 1233 2163 orationis
1271 2120 1556 2178 splendorem
1586 2120 1657 2162 his
1687 2114 1766 2162 ad-

190 2188 337 2231 mixtis
376 2187 585 2231 sordibus
621 2203 714 2231 non
753 2187 955 2238 defendi,
1002 2188 1084 2232 sed
1120 2189 1344 2248 inquinari
1375 2203 1468 2232 non
1506 2172 1761 2246 intelligens

190 2256 263 2312 (ef.
294 2257 398 2300 Seu.
431 2265 572 2300 contr.
602 2258 680 2307 ΠΙ,
711 2257 849 2314 praef.
874 2247 984 2312 199),
1016 2257 1098 2300 sed
1128 2258 1244 2301 lecta
1273 2265 1369 2301 erat
1398 2266 1442 2301 et
1462 2257 1667 2305 delicata,
1699 2257 1762 2298 ni-

188 2331 301 2375 tore,
331 2325 409 2368 ubi
437 2324 566 2371 locus
597 2325 635 2368 ei
664 2332 770 2374 erat,
800 2340 892 2368 non
922 2324 1150 2370 destituta.

305 2394 344 2438 3.
394 2395 454 2438 At
487 2394 534 2437 in
572 2401 732 2441 ornato
769 2394 858 2439 hoc
896 2403 941 2439 et
979 2395 1171 2453 eleganti
1203 2395 1380 2439 dicendi
1425 2411 1586 2454 genere
1624 2395 1759 2437 maxi-

188 2476 312 2523 mum*
337 2464 487 2507 valent
514 2469 615 2519 tropi
643 2470 685 2509 et
711 2469 871 2518 figurae:
902 2478 955 2507 ea
990 2464 1222 2522 quomodo
1254 2464 1391 2507 Latro
1430 2464 1476 2507 in
1506 2479 1636 2506 usum
1674 2477 1758 2506 vo·

189 2533 381 2583 caverit.
405 2549 525 2577 nune
554 2533 816 2578 videbimus.
1415 2575 1417 2577 .

271 2636 273 2638 .
301 2602 451 2658 Σχῆμα
486 2618 578 2645 vox
607 2617 786 2661 graeca,
818 2603 889 2645 eui
924 2603 970 2645 in
1006 2602 1162 2660 lingua
1190 2602 1330 2644 latina
1358 2599 1546 2644 maxime
1575 2615 1763 2658 respon-

190 2669 267 2712 det
296 2666 532 2728 „figura“
563 2671 762 2720 verbum,
795 2670 1083 2729 signifieatin
1111 2685 1248 2713 sensu
1276 2676 1321 2712 et
1340 2684 1544 2713 sermone
1565 2669 1761 2726 aliquam

192 2753 219 2782 a
248 2739 438 2797 simplici
469 2740 617 2797 speeie
648 2749 748 2783 eum
778 2740 941 2793 virtute
970 2740 1318 2783 immutationem
1350 2740 1422 2797 (ef.
1445 2739 1586 2794 Quint
1614 2732 1670 2782 ΙΙ.
1695 2738 1760 2782 13.

187 2807 245 2863 9),
278 2823 369 2865 qua
400 2809 545 2852 oratio
577 2808 792 2866 singulari
822 2808 1021 2866 quodam
1049 2808 1209 2852 habitu
1239 2808 1445 2851 involuta
1458 2807 1761 2866 jucunditatis

189 2883 233 2920 et
263 2877 430 2935 vigoris
459 2878 736 2937 aliquantum
765 2878 949 2937 accipit,
978 2887 1079 2937 'quo
1110 2875 1233 2922 earet
1260 2877 1307 2921 in
1343 2876 1520 2937 vulgari
1558 2892 1764 2921 sermone
