1888 3090
716 996 1079 1126 'ir-wa

252 1272 450 1310 Gustavus
469 1270 654 1310 Lindner‘
667 1271 858 1317 formulae
878 1271 1059 1310 addictus
1079 1271 1343 1322 evangelicae,
1371 1271 1571 1309 tricoeimo
1590 1270 1707 1308 tertio

140 1328 259 1378 hujus
288 1329 411 1367 seculi
438 1342 541 1366 anno
571 1333 661 1381 ante
689 1328 791 1366 diem
820 1328 863 1366 X
891 1328 973 1366 Cal.
1001 1328 1240 1367 Februarias
1266 1332 1381 1366 natus
1409 1340 1496 1365 sum
1517 1322 1706 1365 Vratisla-

136 1387 252 1432 viae,⁴
276 1390 388 1437 patre
409 1384 689 1432 Ferffinando,
728 1384 919 1424 tibialium
947 1387 1121 1432 textore,
1149 1389 1275 1424 matre
1303 1384 1499 1423 Guilelma
1529 1380 1554 1422 e'
1589 1388 1707 1434 gente

136 1443 360 1492 Langiana‚
390 1455 507 1492 quam
536 1446 625 1479 ante
642 1442 728 1480 ⁴hos
756 1449 836 1481 tres
856 1454 982 1480 annos
1001 1447 1252 1493 praematura
1270 1447 1398 1480 morte
1418 1446 1591 1492 ereptam
1612 1440 1708 1495 mihi

137 1511 225 1537 esse
254 1498 505 1541 vehementer
534 1498 666 1541 doleo,
699 1498 866 1536 Primis
893 1498 1109 1536 litterarum
1130 1498 1330 1537 elementis
1348 1502 1559 1549 postquam
1580 1497 1707 1535 imbu-

139 1560 202 1595 tus
222 1569 309 1595 sum
326 1558 367 1594 in
376 1555 482 1595 ludo
502 1556 676 1608 publico,
695 1560 868 1617 peracto
866 1554 964 1595 fere
975 1554 1131 1607 decimo
1158 1556 1295 1595 aetatis
1323 1568 1427 1594 anno
1449 1554 1708 1606 Gymnasium
1758 1579 1761 1582 <

141 1604 223 1652 adii
240 1613 574 1664 Magdalenense,
602 1626 708 1654 nunc
735 1614 895 1664 quoque
921 1613 997 1651 sub
1018 1614 1203 1664 auspiciis
1218 1604 1428 1651 clarissimi
1446 1614 1519 1650 viri
1539 1609 1609 1650 Dr.
1633 1611 1706 1650 Ca-

140 1670 216 1708 roli
245 1669 507 1708 Schoenborn
524 1670 735 1708 laetissime
753 1669 913 1708 florens.
963 1669 1010 1707 In
1030 1682 1110 1719 quo
1140 1682 1243 1720 quos
1271 1674 1409 1707 nactus
1438 1682 1524 1707 sum
1563 1669 1708 1707 multos

72 1758 77 1763 .
138 1726 473 1779 praeclarissimos
488 1730 767 1781 praeceptores
785 1728 848 1765 et
836 1740 876 1764 ιιι
891 1739 954 1765 me
970 1738 1127 1778 semper
1142 1725 1548 1771 benevolentissimos,
1570 1738 1707 1764 eorum

141 1788 255 1834 grato
286 1785 418 1822 animo
443 1783 650 1823 recordari
674 1795 876 1833 nunquam
904 1782 1092 1821 desinam.
1150 1783 1206 1821 Iis
1232 1780 1454 1821 studiorum
1476 1782 1708 1820 ductoribus

140 1852 236 1878 usus
265 1853 338 1891 per
356 1840 446 1891 plus
476 1844 566 1878 octo
588 1852 713 1878 annos
734 1852 823 1878 cum
842 1841 1072 1878 maturitatis
1100 1840 1324 1880 testimonio
1345 1852 1449 1891 anno
1474 1839 1577 1878 1851
1603 1838 1707 1877 hanc

143 1897 285 1935 almam
306 1897 543 1935 viadrinam
574 1896 675 1935 adii
684 1900 723 1934 et
758 1897 861 1934 inter
888 1896 975 1946 ejus
1005 1897 1111 1935 cives
1132 1909 1155 1934 a
1172 1896 1362 1941 Barcow,
1392 1898 1478 1934 viro
1499 1895 1593 1934 clar.
1616 1900 1710 1934 tunc

138 1954 266 1993 fasces
286 1953 530 1992 academicas
552 1956 723 1999 tenente,
742 1958 942 2004 receptus
953 1966 1099 1991 nomen
1128 1953 1222 1991 dedi
1249 1953 1358 2004 apud
1376 1952 1627 1998 Ambrosch,
1651 1954 1706 1990 vi·
1738 1968 1741 1971 ·

138 2023 225 2050 rum
245 2011 319 2058 111.,
339 2016 431 2049 tunc
452 2010 601 2049 ordinis
620 2010 951 2062 philosophorum
971 2010 1184 2056 decanum,
1215 2015 1260 2049 ut
1285 2010 1537 2062 philologieis
1566 2010 1708 2049 studiis

122 2072 225 2106 ·toto
251 2070 380 2106 anirno
408 2080 470 2105 me
499 2067 646 2106 darem.
704 2068 845 2134 Atque
860 2067 922 2104 his
952 2080 1040 2105 cum
1067 2068 1193 2105 tribus
1213 2068 1470 2122 semestribus
1489 2080 1707 2113 vacassem,

139 2125 320 2176 contigit,
349 2129 393 2162 ut
419 2124 521 2162 inter
548 2124 744 2162 seminarii
762 2124 860 2174 regii
880 2117 1050 2161 sodales
1058 2124 1257 2175 reciperer
1274 2116 1403 2175 iisque
1421 2136 1496 2175 per
1515 2122 1618 2162 duos
1639 2136 1706 2161 an-

137 2195 212 2220 nos
232 2181 455 2234 adscriptus
476 2181 715 2220 directorum
735 2180 954 2226 Schneider
974 2186 1012 2218 et
1031 2178 1164 2219 Haase
1183 2182 1385 2219 uberrima
1401 2178 1585 2222 doctrina
1602 2181 1706 2219 frue-

141 2251 219 2276 rer.
280 2237 453 2288 Contigit
482 2234 610 2284 etiam,
641 2242 683 2278 ut
702 2228 835 2281 Haase
864 2238 902 2275 et
920 2238 1164 2283 Ambrosch‚
1184 2239 1259 2275 viri
1278 2250 1430 2275 summa
1450 2250 1608 2289 semper
1624 2239 1708 2289 pie-

138 2299 221 2334 tate
240 2308 265 2339 a
291 2307 355 2345 me
382 2294 552 2341 colendi,
571 2308 662 2333 rara
679 2294 910 2333 h'be'ralitate
931 2299 970 2332 et
990 2296 1173 2333 comitate
1191 2295 1393 2333 familiaris
1413 2294 1709 2333 consuetudinis

141 2353 373 2402 participem
392 2365 455 2398 me
476 2364 563 2389 esse
582 2352 746 2397 vellent,
776 2364 854 2401 qua
875 2351 1033 2400 quidem
1055 2343 1361 2389 benevolentia'
1349 2365 1390 2392 ιιι
1409 2351 1549 2389 studiis
1569 2351 1707 2389 admo-

138 2407 233 2447 dum
252 2418 315 2447 me
331 2421 419 2447 esse
439 2407 614 2458 adjutum
635 2412 748 2460 grato
769 2410 897 2446 animo
917 2407 1118 2446 testificor.
1168 2408 1310 2462 Neque
1329 2420 1426 2446 vero
1443 2412 1601 2460 praeter
1618 2407 1704 2460 phi-

140 2466 293 2515 logu'cas
322 2466 418 2504 alias
446 2465 594 2504 litteras
619 2466 880 2516 negligendas
908 2470 1017 2502 ratus
1048 2465 1193 2503 scholis
1229 2465 1387 2506 interfui
1415 2465 1705 2516 philosophicis

143 2522 354 2569 historici&
375 2522 606 2572 theologicis
627 2522 735 2573 apud
753 2523 860 2560 viros
880 2521 939 2559 Ill.
960 2521 1144 2567 Braniss‚
1167 2521 1317 2567 Oauer,
1349 2522 1550 2572 Groeger,
1571 2521 1704 2567 Hahn,

139 2577 319 2624 Kahlert,
338 2579 498 2624 Reuter,
518 2579 696 2630 Roepell,
717 2579 904 2624 Rfickert‚
925 2579 1113 2627 Wuttke‚
1134 2580 1327 2630 Wagner,
1358 2573 1501 2630 quibus
1523 2580 1706 2618 omnibus

140 2638 286 2685 gratias
315 2649 392 2685 ago
414 2649 513 2685 quas
533 2633 663 2674 debeo
683 2638 886 2674 maximas.

785 2804 1058 2813 ---
