1888 3090
937 156 994 206 11

184 298 282 361 tum
307 301 371 346 illi
407 302 511 347 loco
540 300 826 346 tribuendum
863 302 933 346 sit.
993 302 1123 348 Certe
1149 301 1374 346 Mai-illum
1411 301 1471 345 ibi
1509 301 1745 351 exstitisse,

182 385 241 415 ne
266 369 539 417 levissimum
568 369 748 428 quidem
776 369 1010 429 vestigium
1038 377 1120 415 est.
1173 371 1336 429 Itaque
1371 369 1420 414 id
1455 383 1593 414 unum
1622 376 1744 415 certo

184 439 369 490 scimus,
406 439 575 499 Romae
611 437 812 483 scholam
851 438 1065 484 habuisse
1080 438 1319 483 ‘Marinum
1349 438 1422 496 (ef.
1450 439 1479 497 ᾖ
1509 438 1581 496 3.),
1612 453 1746 496 quam

181 508 319 551 Latro
350 506 493 549 adiret
513 512 558 548 et
576 506 746 549 Seneca
765 507 836 563 (cf.
859 514 998 550 contr.
1020 507 1042 549 Ι
1070 507 1207 564 praef.
1225 506 1314 563 68).
1371 507 1461 561 Qui
1490 507 1528 550 si
1558 521 1745 564 „prae-

183 580 463 633 ceptorem
491 580 773 618 n'ostrum“
805 590 904 618 eum
934 580 1067 619 vocat
1097 574 1169 631 (cf.
1201 580 1343 619 contr.
1373 574 1518 628 11.,10.
1543 573 1637 625 154,
1665 574 1742 618 ΠΙ.

185 644 251 689 17.
277 644 401 701 221),
439 643 679 703 Latronem
716 643 896 702 quidem
924 659 1017 688 non
1049 642 1200 701 potest
1237 643 1372 686 simul'
1397 649 1623 702 spectare,
1664 643 1743 687 ubi

179 714 226 757 in
255 711 621 758 antecedentibus
657 725 751 756 non
795 709 1062 771 appellavit,
1108 727 1254 771 neque
1292 718 1613 766 „nostrum‘f
1651 711 1743 755 hoe

163 782 396 839 ,locopro
426 788 625 832 „meo‘f
643 780 756 824 dixit
774 781 826 832 is,
857 782 936 839 qui
964 781 1090 826 de‚se
1109 796 1285 839 semper
1314 781 1528 839 singulari
1556 795 1741 823 numero

181 849 314 900 dicat,
344 849 426 893 sed
454 849 665 907 aequales
697 849 893 893 Senecae
920 849 1090 907 multos
1113 855 1158 893 et
1186 849 1432 893 studiorum
1462 849 1611 893 socios
1644 848 1741 892 Ma·

178 918 326 961 rillum
355 917 664 975 frequentasse
692 916 796 973 inde
827 917 1003 960 videtur
1034 917 1159 961 effici.

288 985 448 1043 Neque
477 991 620 1029 tamen
651 984 999 1029 mediocritatem
1025 992 1332 1044 transgressus
1370 991 1440 1029 est
1477 984 1611 1028 homo
1642 998 1741 1035 „sa-

179 1054 236 1097 tis
266 1053 441 1103 aridus,
479 1054 747 1110 paucissima
775 1052 904 1104 belle,
934 1054 1016 1096 sed
1043 1069 1135 1096 non
1157 1054 1349 1112 vulgato
1371 1068 1531 1112 genere
1560 1052 1740 1096 dicens“

178 1121 252 1181 (cf.
292 1127 434 1165 contr.
464 1122 497 1165 Ι.
529 1121 667 1179 praef.
698 1120 784 1177 68),
812 1122 1020 1180 'quamvis
1041 1123 1288 1181 jactatione
1308 1120 1570 1172 abundaret,
1601 1127 1646 1165 et
1662 1133 1742 1165 ar-

177 1191 398 1248 rogantia.
466 1187 621 1232 Oratio
652 1190 766 1248 enim
795 1204 928 1246 quam
966 1188 1092 1234 exilis
1123 1196 1260 1240 esset,
1299 1206 1393 1233 non
1429 1190 1609 1245 inscius
1644 1204 1739 1232 eam

176 1263 324 1302 tamen
341 1273 444 1312 ,non
473 1257 558 1300 sibi
587 1257 857 1315 imputabat,
874 1251 877 1254 ’
897 1257 978 1301 sed
1014 1250 1352 1308 controversiis,
1392 1262 1506 1315 quas
1522 1250 1527 1252 “
1546 1257 1736 1300 dicebat,

175 1319 311 1378 adeo,-
329 1332 399 1382 lut
426 1326 564 1369 Latro
602 1327 692 1369 hoc
722 1342 851 1370 suum
880 1327 1030 1370 vitium
1064 1342 1277 1370 excusare
1307 1317 1737 1384 conatum⁶propter

172 1395 367 1452 inopiam
414 1400 457 1437 et
501 1395 781 1438 ieiunitatem·
823 1395 1037 1438 audacter
1071 1392 1330 1453 ¹aliquando
1377 1395 1735 1452 perstringeret')

174 1463 246 1520 (cf.
266 1463 477 1518 ¹ibidem).
533 1463 753 1506 .Protulit
801 1477 908 1505 vero
954 1463 1175 1508 interdum
1223 1463 1466 1506 sententias
1493 1463 1735 1520 perbonas,

172 1531 296 1573 velut
323 1530 465 1581 illam,
504 1545 637 1587 quam
666 1531 804 1573 Latro
843 1531 1019 1574 solebat
1054 1531 1222 1580 mirari,
1260 1531 1333 1573 vel
1360 1532 1511 1580 etiam,
1552 1522 1605 1573 fit
1632 1530 1730 1587 ipse

173 1600 255 1650 ait,
296 1599 547 1642 exosculari
584 1600 719 1654 (cont.
749 1599 784 1642 Ι.
815 1599 855 1642 2.
884 1599 977 1652 89);
1017 1599 1104 1642 alia
1140 1593 1352 1642 laudatur
1388 1604 1532 1641 contr.
1569 1597 1625 1641 Π.
1667 1597 1732 1640 12.

175 1666 252 1709 171
285 1672 337 1710 ut
365 1666 594 1716 decenter,
633 1665 721 1709 alia
757 1672 899 1709 contr.
936 1667 990 1709 11.
1024 1665 1098 1717 10,
1138 1666 1219 1709 154
1256 1672 1307 1709 ut
1333 1666 1517 1708 licenter
1554 1664 1734 1723 quidem

172 1734 311 1785 dicta,
349 1734 430 1778 sed
468 1736 645 1789 sensum
682 1734 791 1778 satis
830 1735 1093 1792 exprimens.
1155 1734 1321 1779 Ceteris
1358 1725 1485 1777 loeis*
1503 1733 1600 1792 ejus
1629 1735 1726 1777 sen-

170 1803 334 1846 tentiae
370 1803 513 1847 solum
557 1808 601 1846 et
637 1803 811 1847 colores
847 1803 1113 1854 afferuntur,
1150 1803 1253 1846 illae
1290 1816 1410 1846 suas.
1439 1802 1474 1846 Ι.
1503 1802 1545 1853 5,
1574 1802 1629 1845 11.
1664 1801 1729 1852 14,

168 1872 246 1915 ΠΙ.
277 1871 332 1914 23
363 1877 504 1914 contr.
534 1871 568 1913 Ι.
603 1871 639 1913 1.
671 1871 739 1922 721,
768 1872 803 1916 Ι.
834 1872 873 1915 2.
903 1870 980 1922 82,
1009 1872 1043 1916 Ι.
1073 1872 1114 1919 3.
1145 1872 1223 1923 95,
1252 1871 1287 1915 Ι.
1318 1871 1359 1914 4.
1389 1871 1466 1922 99,
1496 1871 1530 1914 Ι.
1561 1871 1601 1914 7.
1635 1870 1728 1913 118.

173 1939 267 1990 127,
297 1939 351 1982 Π.
385 1939 450 1981 10.
484 1938 585 1988 152,
623 1939 678 1981 H.
712 1940 777 1982 11.
812 1939 912 1990 161,
949 1940 1025 1983 111.
1060 1941 1124 1983 17.
1145 1939 1261 1990 219,
1298 1939 1375 1982 III.
1406 1938 1473 1981 21.
1504 1938 1609 1988 215,
1646 1938 1727 1982 IV.

167 2006 235 2051 29.
254 2007 359 2059 311,
384 2006 442 2051 V.
461 2006 529 2051 32.
547 2006 652 2058 340,
669 2006 716 2049 hi
731 2014 874 2051 contr.
892 2008 925 2051 I.
949 2008 1013 2051 13.
1034 2008 1134 2060 177,
1153 2008 1187 2065 Ι.
1205 2007 1245 2051 3.
1263 2006 1339 2059 98,
1355 1997 1433 2050 ΠΙ.
1458 2006 1523 2050 17.
1555 2005 1651 2049 221.

318 2417 414 2484 De
454 2399 781 2484 Latronis
808 2339 1061 2484 aufidia
1082 2421 1164 2485 et*
1193 2369 1560 2503 discipulis.

272 2531 567 2588 Revertamur
603 2544 663 2588 ad
699 2527 950 2594 Latronem,
983 2546 1059 2603 qui
1096 2547 1142 2589 in
1171 2547 1334 2600 Marilli
1363 2533 1521 2589 schola
1549 2545 1723 2589 institu-

159 2613 280 2683 tione
308 2614 503 2656 imbutus
540 2613 764 2656 rhetorica
794 2614 890 2672 jam
927 2614 1025 2671 ip8e
1064 2615 1316 2673 magisterio
1346 2613 1583 2657 subeundo
1615 2628 1722 2671 ope-

247 2770 276 2817 ')
297 2769 416 2806 Locus
432 2747 488 2806 hic
504 2775 576 2806 est:
594 2770 681 2807 Cum
696 2772 855 2820 discipuli
871 2749 1032 2808 essemus
1048 2773 1142 2820 apud
1152 2773 1327 2809 Marillum
1344 2773 1529 2817 rhetorem,
1543 2773 1721 2809 hominem

143 2827 243 2863 satis
258 2828 403 2873 aridum,
419 2829 632 2882 paucissima
648 2830 758 2875 belle,
774 2831 841 2867 sed
853 2843 924 2867 non
940 2831 1081 2879 vulgato
1097 2843 1228 2879 genere
1244 2831 1436 2868 dicentem:
1452 2842 1530 2869 cum
1544 2830 1603 2873 ille
1619 2830 1718 2867 exili-

1401 2888 1423 2924 2
1432 2890 1449 2905 ι.
