1888 3090
151 325 298 380 lianus
328 326 493 369 omisso
514 322 765 367 discrimine
793 321 942 366 multis
968 319 1079 365 locis
1110 322 1364 380 promiscue
1383 320 1570 364 vocibus
1591 329 1716 370 usus,

154 391 521 452 quandoquidem
554 390 976 438 Albanum-11:15
1000 390 1058 433 36
1085 380 1183 433 non(
1215 389 1456 436 obscurum
1481 388 1595 431 dicit
1615 380 1718 445 pro*—
1772 381 1774 383 ’

151 461 373 512 sessorem
405 460 476 517 (cf.
498 460 631 503 Suet.
661 458 733 502 de
746 458 852 502 clar.
882 458 997 504 rhet.
1034 457 1117 516 Vl)
1156 447 1201 502 et
1234 457 1335 502 XII.
1368 458 1434 502 11·.
1464 456 1521 501 20
1550 469 1723 523 geome-

154 519 261 580 tras,
288 528 604 588 grammaticos
635 533 969 585 ceterarumque
990 527 1150 570 artium
1177 526 1468 584 professores,
1500 525 1590 583 qui
1599 531 1720 567 certe

153 597 414 641 doctrinam
439 596 689 640 tradebant.
752 596 857 654 Ipse
894 610 922 639 a
950 595 1234 654 Vespasiano
1273 595 1441 652 primus
1482 591 1721 652 professor

154 665 436 723 eloquentiae
472 671 542 707 est
576 670 883 722 nuncupatus,
924 662 1049 721 quod
1088 677 1247 706 nomen
1280 661 1442 716 deinde
1475 662 1534 706 ad
1564 674 1718 705 omnes

153 739 469 792 praeceptores
497 730 705 789 publicos
736 732 923 775 transiit.

269 800 372 854 Qua
400 800 458 844 de
486 815 534 843 re
562 800 801 860 Latronem
840 813 931 843 non
968 806 1058 844 tam
1088 805 1426 858 praeceptorem
1456 797 1595 841 fuisse
1624 793 1717 841 elo-

156 869 387 928 quentiae,
426 883 560 927 quam
600 873 919 912 ostentatorem
959 867 1220 922 Quintiliani
1260 875 1304 911 et
1339 865 1601 925 Hieronymi
1629 865 1720 909 loci

157 952 250 980 non
287 939 396 980 satis
430 930 812 987 demonstrarent,
858 937 945 980 nisi
983 936 1318 979 confirmaretur
1356 936 1485 979 etiam
1522 935 1721 978 Senecae

156 1005 260 1052 loco
291 998 433 1048 contr.
458 1004 542 1048 ·1V.
569 1003 642 1047 25.
674 1003 771 1056 283,
803 1019 895 1063 quo
926 1004 1118 1047 docendi
1137 1004 1311 1050 ratione
1340 1002 1578 1062 singularis
1605 1002 1722 1050 inter

155 1075 359 1118 rhetores
387 1073 572 1133 Latinos
603 1072 776 1116 dicitur.
835 1073 947 1116 Nam
987 1088 1086 1116 cum
1122 1073 1167 1115 in
1198 1073 1356 1116 ceteris
1392 1070 1558 1115 scholis
1588 1071 1719 1114 disci-

157 1141 254 1199 puli
282 1141 342 1184 ad
369 1130 675 1199 praeceptoris
705 1140 1026 1184 institutionem
1065 1140 1340 1197 disputando
1366 1140 1509 1183 etiam
1546 1152 1722 1181 exerce-

156 1214 310 1269 rentur
338 1216 383 1251 et
406 1208 704 1251 declamando
734 1208 807 1265 (cf.
830 1208 1014 1263 Quintil.
1037 1208 1091 1251 11.
1123 1209 1163 1251 5.
1191 1207 1264 1259 16,
1283 1207 1464 1250 Roeder
1492 1207 1549 1250 de
1577 1205 1721 1249 schol.

157 1278 347 1335 institut.
383 1277 511 1323 Rom.
547 1291 593 1334 p.
624 1277 716 1334 50),
754 1270 896 1330 Latro
932 1265 1202 1335 exemplum,
1247 1291 1339 1320 ιιοιι
1377 1277 1636 1340 magistrum
1673 1289 1723 1319 se

158 1332 404 1403 professus,
434 1345 531 1403 ipse
560 1345 685 1388 solus
715 1341 1008 1395 declamabat,
1039 1344 1288 1402 discipulos
1322 1350 1554 1403 nunquam
1572 1343 1724 1396 audie-

164 1414 255 1469 bat.
307 1413 549 1457 Constabat
578 1408 725 1471 igitur,
757 1417 1002 1457 ceterorum
1021 1412 1250 1456 rhetorum
1270 1413 1479 1457 invidiam
1498 1420 1543 1456 et
1561 1412 1726 1456 irrisio·
1757 1434 1763 1439 ·

160 1497 286 1532 nem,
321 1481 403 1525 sed
432 1481 559 1539 quod
590 1482 882 1524 contumeliae
920 1495 1055 1524 causa
1093 1481 1324 1539 discipulis
1352 1481 1563 1525 Latronis
1593 1479 1721 1523 addi-

161 1556 255 1593 tum
287 1545 383 1593 erat
410 1549 662 1592 auditorum
694 1564 869 1600 nomen,
900 1563 1006 1592 mox
1035 1550 1080 1592 in
1111 1564 1197 1592 usu
1226 1564 1326 1593 esse
1354 1550 1525 1608 coepit,
1556 1549 1727 1607 quique

160 1619 292 1662 antea
321 1613 849 1675 discipulivrocabantur,
867 1661 870 1663 ,
871 1618 967 1675 jam
998 1617 1227 1665 auditores
1265 1617 1482 1676 appellati
1518 1623 1638 1661 sunt.
1666 1641 1726 1650 -·

162 1685 211 1727 Si
239 1699 346 1729 vero
378 1681 561 1743 operam
599 1692 643 1729 et
678 1686 937 1743 patientiam
956 1699 1094 1733 *suam
1123 1684 1316 1727 vendere
1336 1685 1497 1733 ‘noluit
1526 1683 1570 1727 in
1600 1683 1737 1726 audi—

164 1753 291 1801 endis
329 1753 650 1812 discipulorum
689 1753 1106 1810 declamationibus,
1145 1760 1264 1797 certe
1294 1761 1338 1797 et
1366 1753 1613 1797 rhetorice-s
1643 1751 1727 1796 ele·

161 1829 311 1864 menta
346 1821 444 1864 aliis
487 1822 686 1879 permisit
725 1821 955 1867 docenida
996 1823 1094 1879 ipse
1128 1821 1409 1865 institutione
1454 1820 1727 1863 scholastica

155 1889 266 1948 jam·
279 1889 474 1933 imbutos
510 1904 594 1933 suo
633 1888 837 1949 exemplo
876 1890 1021 1934 voluat
1049 1904 1277 1955 exercere,
1308 1904 1400 1933 nou
1432 1888 1724 1933 conformare.

161 1958 271 2014 Ideo
301 1958 472 2002 Plinius
501 1958 546 2001 in
576 1959 774 2017 magistri
804 1959 980 2004 nomine
1009 1959 1229 2002 rhetorem
1260 1973 1352 2002 non
1384 1958 1610 2017 cogitavit,
1641 1956 1725 2001 sed

164 2033 306 2086 genus
336 2027 506 2086 signifiv
509 2028 614 2078 avit,
645 2027 775 2085 cujus
800 2034 1030 2087 tamquam
1061 2027 1233 2085 species
1264 2027 1538 2071 declamator
1566 2034 1675 2071 erat.

252 2096 483 2143 ‘Scholam
523 2103 668 2140 auten
708 2098 943 2139 Latronem
982 2096 1213 2153 aperuisse
1253 2096 1498 2154 juvenilem
1536 2103 1726 2139 aetatem

160 2163 362 2209 nendum
398 2171 745 2224 transgressum,
786 2172 1047 2223 argumento
1087 2173 1175 2216 est,
1223 2165 1350 2223 quod
1388 2165 1561 2208 Seneca
1597 2164 1728 2208 Ovi-

87 2241 89 2243 '
164 2231 308 2275 dium
336 2233 382 2275 in
411 2234 508 2290 ejus
538 2233 770 2290 discipulis
792 2240 1030 2277 enumerat.
1082 2233 1126 2276 Is
1156 2234 1202 2275 in
1225 2234 1464 2290 juventute
1483 2233 1632 2276 bonus
1653 2233 1729 2275 de-

165 2300 378 2360 clamator
406 2301 707 2361 Latronisque
736 2301 1121 2362 frequentissimus
1152 2301 1350 2354 auditor,
1389 2301 1519 2361 cujus
1549 2301 1725 2351 multas,

166 2374 280 2428 quas
318 2370 642 2423 admirabatur,
682 2379 925 2427 sententias
961 2372 1006 2413 in
1044 2386 1202 2426 versus
1241 2386 1351 2413 suos
1389 2371 1625 2417 transtulit,
1653 2370 1725 2425 (cf.

166 2437 269 2482 Sen.
301 2445 444 2483 contr.
475 2439 528 2485 II.
568 2429 633 2484 10.
667 2440 761 2492 154,
792 2454 888 2484 exc.
920 2445 1062 2483 contr.
1093 2439 1149 2483 ΙΙ.
1188 2438 1228 2483 2.
1260 2439 1382 2498 387),
1420 2454 1514 2484 ιιοιι
1542 2440 1728 2509 longum

165 2522 249 2564 per
277 2515 452 2566 tempus
483 2509 810 2568 declamatoriis
840 2509 1001 2564 studiis
1031 2510 1244 2559 vacabat,
1276 2509 1357 2552 sed
1385 2510 1535 2553 taedio
1567 2516 1729 2567 captus

167 2576 317 2623 curiae
345 2577 418 2637 (cf.
448 2578 560 2622 trist.
591 2578 672 2622 IV.
705 2578 771 2622 10.
799 2575 873 2636 30)
895 2574 1180 2637 ‘undeviginti
1210 2569 1429 2621 annorum
1465 2577 1731 2622 adolescens

166 2645 226 2688 ad
255 2647 415 2703 poesin
445 2644 698 2705 transfugit.
758 2648 918 2705 Neque
956 2647 1141 2690 rediisse
1166 2662 1274 2703 eum
1306 2647 1366 2690 ad
1395 2647 1594 2691 desertas
1625 2662 1730 2704 par-

166 2719 255 2764 tes,
294 2715 487 2772 prodere
505 2771 507 2774 v
525 2716 734 2760 »videntur
754 2710 964 2761 'Senecae
1013 2716 1148 2760 verba
1191 2716 1349 2768 „Tunc
1387 2731 1486 2761 cum
1531 2714 1734 2762 studeret

165 2782 929 2848 habebatur‘bonusdeclamatow
961 2785 1035 2843 (cf.
1068 2792 1210 2829 contr.
1241 2785 1295 2829 H.
1330 2786 1394 2829 10.
1429 2784 1731 2843 155.).11dem

168 2854 294 2911 quod
321 2854 634 2899 ArelliiFusci
664 2855 826 2918 dicitur
855 2856 1125 2914 discipulus,
1164 2855 1292 2918 apud
1316 2870 1420 2901 eum
1449 2856 1593 2913 prima
1621 2853 1734 2899 usus
