<?xml version="1.0" encoding="UTF-8"?>
<!DOCTYPE html PUBLIC "-//W3C//DTD XHTML 1.0 Transitional//EN"
    "http://www.w3.org/TR/xhtml1/DTD/xhtml1-transitional.dtd">
<html xmlns="http://www.w3.org/1999/xhtml" xml:lang="en" lang="en">
 <head>
  <title>
</title>
<meta http-equiv="Content-Type" content="text/html;charset=utf-8" />
  <meta name='ocr-system' content='tesseract 3.04.00' />
  <meta name='ocr-capabilities' content='ocr_page ocr_carea ocr_par ocr_line ocrx_word'/>
</head>
<body>
  <div class='ocr_page' id='page_1' title='image "./4627453_0058.png"; bbox 0 0 1888 3090; ppageno 0'>
   <div class='ocr_carea' id='block_1_1' title="bbox 829 128 943 191">
    <p class='ocr_par' dir='ltr' id='par_1_1' title="bbox 829 128 943 191">
     <span class='ocr_line' id='line_1_1' title="bbox 829 128 943 191; baseline 0 0"><span class='ocrx_word' id='word_1_1' title='bbox 829 128 943 191; x_wconf 68' lang='lat'>&#39;47</span> 
     </span>
    </p>
   </div>
   <div class='ocr_carea' id='block_1_2' title="bbox 129 286 1704 619">
    <p class='ocr_par' dir='ltr' id='par_1_2' title="bbox 129 286 1704 619">
     <span class='ocr_line' id='line_1_2' title="bbox 133 286 1702 347; baseline -0.001 -12"><span class='ocrx_word' id='word_1_2' title='bbox 133 289 313 347; x_wconf 76' lang='lat' dir='ltr'>scriptis</span> <span class='ocrx_word' id='word_1_3' title='bbox 343 288 477 337; x_wconf 83' lang='lat' dir='ltr'>solito</span> <span class='ocrx_word' id='word_1_4' title='bbox 507 286 744 342; x_wconf 54' lang='lat' dir='ltr'>haurira&#39;).</span> <span class='ocrx_word' id='word_1_5' title='bbox 784 287 975 332; x_wconf 82' lang='lat' dir='ltr'><strong>Addunt</strong></span> <span class='ocrx_word' id='word_1_6' title='bbox 1002 287 1126 336; x_wconf 75' lang='lat' dir='ltr'>aliud</span> <span class='ocrx_word' id='word_1_7' title='bbox 1155 294 1459 347; x_wconf 72' lang='lat' dir='ltr'>argumentum</span> <span class='ocrx_word' id='word_1_8' title='bbox 1490 288 1702 335; x_wconf 74' lang='lat' dir='ltr'><strong>Latronis</strong></span> 
     </span>
     <span class='ocr_line' id='line_1_3' title="bbox 132 355 1704 416; baseline 0.001 -15"><span class='ocrx_word' id='word_1_9' title='bbox 132 357 271 410; x_wconf 81' lang='lat' dir='ltr'>verba</span> <span class='ocrx_word' id='word_1_10' title='bbox 300 371 373 415; x_wconf 81' lang='lat' dir='ltr'>ap.</span> <span class='ocrx_word' id='word_1_11' title='bbox 403 356 506 399; x_wconf 88' lang='lat' dir='ltr'>Sen.</span> <span class='ocrx_word' id='word_1_12' title='bbox 537 360 681 399; x_wconf 87' lang='lat' dir='ltr'>contr.</span> <span class='ocrx_word' id='word_1_13' title='bbox 701 355 782 401; x_wconf 91' lang='lat' dir='ltr'>IV.</span> <span class='ocrx_word' id='word_1_14' title='bbox 803 356 949 416; x_wconf 19' lang='lat' dir='ltr'>praefi!</span> <span class='ocrx_word' id='word_1_15' title='bbox 973 355 1070 400; x_wconf 85' lang='lat'><strong>324.</strong></span> <span class='ocrx_word' id='word_1_16' title='bbox 1104 356 1262 414; x_wconf 66' lang='lat' dir='ltr'>„Esse</span> <span class='ocrx_word' id='word_1_17' title='bbox 1282 356 1509 415; x_wconf 32' lang='lat' dir='ltr'>quosdam*</span> <span class='ocrx_word' id='word_1_18' title='bbox 1525 357 1704 403; x_wconf 72' lang='lat' dir='ltr'>coloreo</span> 
     </span>
     <span class='ocr_line' id='line_1_4' title="bbox 131 419 1700 485; baseline 0.001 -17"><span class='ocrx_word' id='word_1_19' title='bbox 131 425 274 483; x_wconf 76' lang='lat' dir='ltr'>prima</span> <span class='ocrx_word' id='word_1_20' title='bbox 309 424 423 468; x_wconf 84' lang='lat' dir='ltr'>facie</span> <span class='ocrx_word' id='word_1_21' title='bbox 460 423 621 474; x_wconf 89' lang='lat' dir='ltr'>duros,</span> <span class='ocrx_word' id='word_1_22' title='bbox 658 419 868 485; x_wconf 75' lang='lat' dir='ltr'>asperos,</span> <span class='ocrx_word' id='word_1_23' title='bbox 907 424 986 482; x_wconf 87' lang='lat' dir='ltr'>qui</span> <span class='ocrx_word' id='word_1_24' title='bbox 1015 438 1107 466; x_wconf 88' lang='grc' dir='ltr'>ιιοιι</span> <span class='ocrx_word' id='word_1_25' title='bbox 1144 424 1322 480; x_wconf 78' lang='lat' dir='ltr'>possint</span> <span class='ocrx_word' id='word_1_26' title='bbox 1350 425 1436 467; x_wconf 87' lang='lat' dir='ltr'>nisi</span> <span class='ocrx_word' id='word_1_27' title='bbox 1465 425 1700 471; x_wconf 82' lang='lat' dir='ltr'>actione</span> 
     </span>
     <span class='ocr_line' id='line_1_5' title="bbox 134 490 1701 551; baseline 0 -14"><span class='ocrx_word' id='word_1_28' title='bbox 134 493 328 551; x_wconf 80' lang='lat' dir='ltr'>probari.</span> <span class='ocrx_word' id='word_1_29' title='bbox 390 490 492 545; x_wconf 84' lang='lat' dir='ltr'>Qua</span> <span class='ocrx_word' id='word_1_30' title='bbox 520 497 709 550; x_wconf 86' lang='lat' dir='ltr'>propter</span> <span class='ocrx_word' id='word_1_31' title='bbox 737 498 781 536; x_wconf 89' lang='lat' dir='ltr'>et</span> <span class='ocrx_word' id='word_1_32' title='bbox 809 507 858 535; x_wconf 89' lang='lat' dir='ltr'>se</span> <span class='ocrx_word' id='word_1_33' title='bbox 886 492 1034 550; x_wconf 89' lang='lat' dir='ltr'>ipsum</span> <span class='ocrx_word' id='word_1_34' title='bbox 1063 491 1176 534; x_wconf 89' lang='lat' dir='ltr'>nulli</span> <span class='ocrx_word' id='word_1_35' title='bbox 1206 491 1385 549; x_wconf 82' lang='lat' dir='ltr'>placere</span> <span class='ocrx_word' id='word_1_36' title='bbox 1414 507 1574 550; x_wconf 87' lang='lat' dir='ltr'>posse,</span> <span class='ocrx_word' id='word_1_37' title='bbox 1614 494 1701 538; x_wconf 84' lang='lat' dir='ltr'>nisi</span> 
     </span>
     <span class='ocr_line' id='line_1_6' title="bbox 129 560 1702 619; baseline 0 -13"><span class='ocrx_word' id='word_1_38' title='bbox 129 567 277 612; x_wconf 84' lang='lat' dir='ltr'>totum</span> <span class='ocrx_word' id='word_1_39' title='bbox 303 575 354 606; x_wconf 87' lang='lat' dir='ltr'>se</span> <span class='ocrx_word' id='word_1_40' title='bbox 381 567 425 604; x_wconf 88' lang='lat' dir='ltr'>et</span> <span class='ocrx_word' id='word_1_41' title='bbox 453 574 572 604; x_wconf 53' lang='lat' dir='ltr'>suas&gt;</span> <span class='ocrx_word' id='word_1_42' title='bbox 589 560 707 605; x_wconf 82' lang='lat' dir='ltr'>vires</span> <span class='ocrx_word' id='word_1_43' title='bbox 741 560 959 605; x_wconf 83' lang='lat' dir='ltr'>noverit.“</span> <span class='ocrx_word' id='word_1_44' title='bbox 1025 560 1194 604; x_wconf 89' lang='lat' dir='ltr'>Actio</span> <span class='ocrx_word' id='word_1_45' title='bbox 1231 560 1346 606; x_wconf 87' lang='lat' dir='ltr'>enim</span> <span class='ocrx_word' id='word_1_46' title='bbox 1382 561 1702 619; x_wconf 80' lang='lat' dir='ltr'><strong>pronunciatio</strong></span> 
     </span>
    </p>
   </div>
   <div class='ocr_carea' id='block_1_3' title="bbox 47 628 1699 687">
    <p class='ocr_par' dir='ltr' id='par_1_3' title="bbox 47 628 1699 687">
     <span class='ocr_line' id='line_1_7' title="bbox 47 628 1699 687; baseline 0.003 -15"><span class='ocrx_word' id='word_1_47' title='bbox 47 673 49 676; x_wconf 72' lang='grc'>,</span> <span class='ocrx_word' id='word_1_48' title='bbox 132 636 213 680; x_wconf 87' lang='lat' dir='ltr'>est,</span> <span class='ocrx_word' id='word_1_49' title='bbox 245 643 377 686; x_wconf 12' lang='lat' dir='ltr'>quae,</span> <span class='ocrx_word' id='word_1_50' title='bbox 391 628 442 674; x_wconf 85' lang='lat' dir='ltr'>fit</span> <span class='ocrx_word' id='word_1_51' title='bbox 470 629 618 679; x_wconf 65' lang='lat' dir='ltr'>vultu,¹</span> <span class='ocrx_word' id='word_1_52' title='bbox 641 629 855 687; x_wconf 79' lang='lat' dir='ltr'>gestibus,</span> <span class='ocrx_word' id='word_1_53' title='bbox 894 642 1008 679; x_wconf 83' lang='lat' dir='ltr'>voce</span> <span class='ocrx_word' id='word_1_54' title='bbox 1046 629 1119 685; x_wconf 89' lang='lat' dir='ltr'>(cf.</span> <span class='ocrx_word' id='word_1_55' title='bbox 1148 629 1329 672; x_wconf 76' lang='lat' dir='ltr'>Ernesti</span> <span class='ocrx_word' id='word_1_56' title='bbox 1355 629 1464 673; x_wconf 81' lang='lat' dir='ltr'>Lex.</span> <span class='ocrx_word' id='word_1_57' title='bbox 1501 630 1699 677; x_wconf 74' lang='lat' dir='ltr'>technol.</span> 
     </span>
    </p>
   </div>
   <div class='ocr_carea' id='block_1_4' title="bbox 92 689 1762 2595">
    <p class='ocr_par' dir='ltr' id='par_1_4' title="bbox 92 689 1762 2595">
     <span class='ocr_line' id='line_1_8' title="bbox 92 689 1698 755; baseline 0 -14"><span class='ocrx_word' id='word_1_58' title='bbox 92 710 95 711; x_wconf 70' lang='grc'>’</span> <span class='ocrx_word' id='word_1_59' title='bbox 129 697 206 742; x_wconf 87' lang='lat' dir='ltr'>lat.</span> <span class='ocrx_word' id='word_1_60' title='bbox 245 689 357 740; x_wconf 85' lang='lat' dir='ltr'>rhet.</span> <span class='ocrx_word' id='word_1_61' title='bbox 381 710 424 754; x_wconf 89' lang='lat' dir='ltr'>p.</span> <span class='ocrx_word' id='word_1_62' title='bbox 444 695 528 753; x_wconf 87' lang='lat'><strong>16‚)</strong></span> <span class='ocrx_word' id='word_1_63' title='bbox 559 696 802 743; x_wconf 83' lang='lat' dir='ltr'>oratorium</span> <span class='ocrx_word' id='word_1_64' title='bbox 832 695 946 739; x_wconf 88' lang='lat' dir='ltr'>illud</span> <span class='ocrx_word' id='word_1_65' title='bbox 966 696 1108 740; x_wconf 87' lang='lat' dir='ltr'>robur</span> <span class='ocrx_word' id='word_1_66' title='bbox 1136 702 1182 739; x_wconf 90' lang='lat' dir='ltr'>et</span> <span class='ocrx_word' id='word_1_67' title='bbox 1209 710 1366 741; x_wconf 86' lang='lat' dir='ltr'>mucro</span> <span class='ocrx_word' id='word_1_68' title='bbox 1385 698 1698 755; x_wconf 78' lang='lat' dir='ltr'>pugnatorius,</span> 
     </span>
     <span class='ocr_line' id='line_1_9' title="bbox 132 764 1701 822; baseline 0.001 -15"><span class='ocrx_word' id='word_1_69' title='bbox 132 765 299 822; x_wconf 80' lang='lat' dir='ltr'>quibus</span> <span class='ocrx_word' id='word_1_70' title='bbox 338 777 455 821; x_wconf 87' lang='lat' dir='ltr'>quae</span> <span class='ocrx_word' id='word_1_71' title='bbox 482 764 600 806; x_wconf 92' lang='lat' dir='ltr'>lecta</span> <span class='ocrx_word' id='word_1_72' title='bbox 628 764 789 807; x_wconf 80' lang='lat' dir='ltr'>effectu</span> <span class='ocrx_word' id='word_1_73' title='bbox 818 769 974 807; x_wconf 78' lang='lat' dir='ltr'><strong>carent</strong></span> <span class='ocrx_word' id='word_1_74' title='bbox 1002 770 1048 807; x_wconf 89' lang='lat' dir='ltr'>et</span> <span class='ocrx_word' id='word_1_75' title='bbox 1074 765 1234 821; x_wconf 85' lang='lat' dir='ltr'>rigent,</span> <span class='ocrx_word' id='word_1_76' title='bbox 1263 764 1367 807; x_wconf 85' lang='lat' dir='ltr'>viva</span> <span class='ocrx_word' id='word_1_77' title='bbox 1395 779 1510 811; x_wconf 66' lang='lat' dir='ltr'>voce</span> <span class='ocrx_word' id='word_1_78' title='bbox 1537 766 1701 810; x_wconf 77' lang='lat' dir='ltr'>emissa</span> 
     </span>
     <span class='ocr_line' id='line_1_10' title="bbox 132 830 1702 889; baseline -0.001 -11"><span class='ocrx_word' id='word_1_79' title='bbox 132 832 326 887; x_wconf 82' lang='lat' dir='ltr'>animum</span> <span class='ocrx_word' id='word_1_80' title='bbox 357 830 577 877; x_wconf 85' lang='lat' dir='ltr'>audientis</span> <span class='ocrx_word' id='word_1_81' title='bbox 606 830 925 878; x_wconf 83' lang='lat' dir='ltr'>inflammantia</span> <span class='ocrx_word' id='word_1_82' title='bbox 962 830 1184 876; x_wconf 85' lang='lat' dir='ltr'>auferunt.</span> <span class='ocrx_word' id='word_1_83' title='bbox 1242 830 1342 875; x_wconf 88' lang='lat' dir='ltr'>Hae</span> <span class='ocrx_word' id='word_1_84' title='bbox 1371 831 1553 889; x_wconf 84' lang='lat' dir='ltr'>quidem</span> <span class='ocrx_word' id='word_1_85' title='bbox 1582 833 1702 877; x_wconf 84' lang='lat' dir='ltr'>vires</span> 
     </span>
     <span class='ocr_line' id='line_1_11' title="bbox 129 899 1700 976; baseline 0 -32"><span class='ocrx_word' id='word_1_86' title='bbox 129 907 249 953; x_wconf 83' lang='lat' dir='ltr'>sunt,</span> <span class='ocrx_word' id='word_1_87' title='bbox 290 913 406 976; x_wconf 78' lang='lat' dir='ltr'>quae</span> <span class='ocrx_word' id='word_1_88' title='bbox 446 914 540 941; x_wconf 85' lang='lat' dir='ltr'>uon</span> <span class='ocrx_word' id='word_1_89' title='bbox 570 899 774 947; x_wconf 81' lang='lat' dir='ltr'>omnibus</span> <span class='ocrx_word' id='word_1_90' title='bbox 803 899 1088 957; x_wconf 86' lang='lat' dir='ltr'>contingant:</span> <span class='ocrx_word' id='word_1_91' title='bbox 1119 899 1359 942; x_wconf 87' lang='lat' dir='ltr'>defuerunt</span> <span class='ocrx_word' id='word_1_92' title='bbox 1394 899 1578 958; x_wconf 70' lang='lat' dir='ltr'>Papirio</span> <span class='ocrx_word' id='word_1_93' title='bbox 1615 900 1700 944; x_wconf 61' lang='lat' dir='ltr'>Far-</span> 
     </span>
     <span class='ocr_line' id='line_1_12' title="bbox 128 950 1700 1024; baseline 0.001 -13"><span class='ocrx_word' id='word_1_94' title='bbox 128 967 289 1019; x_wconf 77' lang='lat' dir='ltr'>biano,</span> <span class='ocrx_word' id='word_1_95' title='bbox 330 967 400 1011; x_wconf 88' lang='lat' dir='ltr'>cui</span> <span class='ocrx_word' id='word_1_96' title='bbox 431 966 557 1010; x_wconf 81' lang='lat' dir='ltr'>nulla</span> <span class='ocrx_word' id='word_1_97' title='bbox 593 966 719 1019; x_wconf 86' lang='lat' dir='ltr'>vocis</span> <span class='ocrx_word' id='word_1_98' title='bbox 755 950 1005 1011; x_wconf 81' lang='lat' dir='ltr'>intentione</span> <span class='ocrx_word' id='word_1_99' title='bbox 1040 971 1086 1010; x_wconf 83' lang='lat' dir='ltr'>et</span> <span class='ocrx_word' id='word_1_100' title='bbox 1122 966 1328 1024; x_wconf 83' lang='lat' dir='ltr'>corporis</span> <span class='ocrx_word' id='word_1_101' title='bbox 1365 968 1700 1012; x_wconf 68' lang='lat' dir='ltr'>asseveratione</span> 
     </span>
     <span class='ocr_line' id='line_1_13' title="bbox 94 1034 1698 1094; baseline -0.001 -12"><span class='ocrx_word' id='word_1_102' title='bbox 94 1040 98 1041; x_wconf 47' lang='lat'><em>⁷</em></span> <span class='ocrx_word' id='word_1_103' title='bbox 130 1036 274 1089; x_wconf 83' lang='lat' dir='ltr'>dulcis</span> <span class='ocrx_word' id='word_1_104' title='bbox 304 1042 348 1079; x_wconf 89' lang='lat' dir='ltr'>et</span> <span class='ocrx_word' id='word_1_105' title='bbox 376 1034 596 1080; x_wconf 88' lang='lat' dir='ltr'>facillimo</span> <span class='ocrx_word' id='word_1_106' title='bbox 624 1050 760 1079; x_wconf 88' lang='lat' dir='ltr'>cursu</span> <span class='ocrx_word' id='word_1_107' title='bbox 797 1050 871 1079; x_wconf 84' lang='lat' dir='ltr'>res</span> <span class='ocrx_word' id='word_1_108' title='bbox 907 1034 1242 1083; x_wconf 84' lang='lat' dir='ltr'>circumfluebat</span> <span class='ocrx_word' id='word_1_109' title='bbox 1278 1035 1408 1094; x_wconf 86' lang='lat' dir='ltr'>quasi</span> <span class='ocrx_word' id='word_1_110' title='bbox 1442 1035 1616 1094; x_wconf 86' lang='lat' dir='ltr'>injussa</span> <span class='ocrx_word' id='word_1_111' title='bbox 1652 1042 1698 1081; x_wconf 85' lang='lat' dir='ltr'>et</span> 
     </span>
     <span class='ocr_line' id='line_1_14' title="bbox 129 1101 1696 1160; baseline -0.001 -12"><span class='ocrx_word' id='word_1_112' title='bbox 129 1103 383 1148; x_wconf 75' lang='lat' dir='ltr'>voluntaria</span> <span class='ocrx_word' id='word_1_113' title='bbox 412 1102 484 1160; x_wconf 77' lang='lat' dir='ltr'>(cf.</span> <span class='ocrx_word' id='word_1_114' title='bbox 516 1108 655 1146; x_wconf 88' lang='lat' dir='ltr'>contr.</span> <span class='ocrx_word' id='word_1_115' title='bbox 686 1102 741 1146; x_wconf 94' lang='lat' dir='ltr'>II.</span> <span class='ocrx_word' id='word_1_116' title='bbox 771 1101 915 1160; x_wconf 84' lang='lat' dir='ltr'>praef.</span> <span class='ocrx_word' id='word_1_117' title='bbox 949 1102 1069 1159; x_wconf 53' lang='lat'>132„</span> <span class='ocrx_word' id='word_1_118' title='bbox 1101 1103 1179 1160; x_wconf 90' lang='lat' dir='ltr'>qui</span> <span class='ocrx_word' id='word_1_119' title='bbox 1210 1116 1316 1146; x_wconf 87' lang='lat' dir='ltr'>vero</span> <span class='ocrx_word' id='word_1_120' title='bbox 1346 1102 1505 1153; x_wconf 84' lang='lat' dir='ltr'>habet,</span> <span class='ocrx_word' id='word_1_121' title='bbox 1535 1105 1574 1146; x_wconf 91' lang='lat' dir='ltr'>ei</span> <span class='ocrx_word' id='word_1_122' title='bbox 1604 1119 1696 1147; x_wconf 83' lang='lat' dir='ltr'>ma-</span> 
     </span>
     <span class='ocr_line' id='line_1_15' title="bbox 120 1169 1695 1230; baseline 0.001 -14"><span class='ocrx_word' id='word_1_123' title='bbox 120 1172 213 1230; x_wconf 82' lang='lat' dir='ltr'>jori</span> <span class='ocrx_word' id='word_1_124' title='bbox 242 1170 612 1221; x_wconf 78' lang='lat' dir='ltr'>commendationi</span> <span class='ocrx_word' id='word_1_125' title='bbox 640 1177 708 1214; x_wconf 81' lang='lat' dir='ltr'>est</span> <span class='ocrx_word' id='word_1_126' title='bbox 737 1170 882 1214; x_wconf 87' lang='lat' dir='ltr'>audiri</span> <span class='ocrx_word' id='word_1_127' title='bbox 910 1184 1044 1228; x_wconf 88' lang='lat' dir='ltr'>quam</span> <span class='ocrx_word' id='word_1_128' title='bbox 1073 1170 1174 1229; x_wconf 86' lang='lat' dir='ltr'>legi.</span> <span class='ocrx_word' id='word_1_129' title='bbox 1213 1169 1269 1214; x_wconf 89' lang='lat' dir='ltr'>cf.</span> <span class='ocrx_word' id='word_1_130' title='bbox 1300 1170 1405 1215; x_wconf 86' lang='lat' dir='ltr'>Scn.</span> <span class='ocrx_word' id='word_1_131' title='bbox 1435 1185 1531 1216; x_wconf 85' lang='lat' dir='ltr'>exc.</span> <span class='ocrx_word' id='word_1_132' title='bbox 1552 1180 1695 1217; x_wconf 85' lang='lat' dir='ltr'>contr.</span> 
     </span>
     <span class='ocr_line' id='line_1_16' title="bbox 107 1237 1696 1306; baseline -0.001 -21"><span class='ocrx_word' id='word_1_133' title='bbox 107 1240 203 1285; x_wconf 33' lang='grc' dir='ltr'>ἃΠΙ.</span> <span class='ocrx_word' id='word_1_134' title='bbox 234 1238 374 1306; x_wconf 88' lang='lat' dir='ltr'>praef.</span> <span class='ocrx_word' id='word_1_135' title='bbox 404 1237 508 1290; x_wconf 82' lang='lat'>395,</span> <span class='ocrx_word' id='word_1_136' title='bbox 540 1237 597 1282; x_wconf 88' lang='lat' dir='ltr'>V.</span> <span class='ocrx_word' id='word_1_137' title='bbox 628 1238 767 1296; x_wconf 87' lang='lat' dir='ltr'>praef.</span> <span class='ocrx_word' id='word_1_138' title='bbox 798 1237 880 1282; x_wconf 86' lang='grc'>391</span> <span class='ocrx_word' id='word_1_139' title='bbox 913 1237 1031 1289; x_wconf 79' lang='lat' dir='ltr'>„Sed</span> <span class='ocrx_word' id='word_1_140' title='bbox 1061 1244 1242 1282; x_wconf 79' lang='lat' dir='ltr'>exstant</span> <span class='ocrx_word' id='word_1_141' title='bbox 1276 1238 1438 1290; x_wconf 82' lang='lat' dir='ltr'>libelli,</span> <span class='ocrx_word' id='word_1_142' title='bbox 1476 1241 1554 1297; x_wconf 86' lang='lat' dir='ltr'>qui</span> <span class='ocrx_word' id='word_1_143' title='bbox 1594 1255 1696 1285; x_wconf 87' lang='lat' dir='ltr'>cum</span> 
     </span>
     <span class='ocr_line' id='line_1_17' title="bbox 126 1306 1697 1368; baseline -0.001 -17"><span class='ocrx_word' id='word_1_144' title='bbox 126 1312 215 1355; x_wconf 75' lang='lat' dir='ltr'>tam</span> <span class='ocrx_word' id='word_1_145' title='bbox 266 1318 272 1322; x_wconf 46' lang='lat'><em>*</em></span> <span class='ocrx_word' id='word_1_146' title='bbox 305 1308 370 1360; x_wconf 86' lang='lat' dir='ltr'>&#39;us</span> <span class='ocrx_word' id='word_1_147' title='bbox 408 1306 521 1364; x_wconf 89' lang='lat' dir='ltr'>(scil.</span> <span class='ocrx_word' id='word_1_148' title='bbox 559 1306 732 1364; x_wconf 84' lang='lat' dir='ltr'>Scauri)</span> <span class='ocrx_word' id='word_1_149' title='bbox 763 1313 987 1365; x_wconf 82' lang='lat' dir='ltr'>pugnant,</span> <span class='ocrx_word' id='word_1_150' title='bbox 1015 1306 1250 1365; x_wconf 89' lang='lat' dir='ltr'>multoque</span> <span class='ocrx_word' id='word_1_151' title='bbox 1275 1306 1600 1352; x_wconf 45' lang='lat' dir='ltr'>*dissolutiores</span> <span class='ocrx_word' id='word_1_152' title='bbox 1623 1309 1697 1368; x_wconf 69' lang='lat' dir='ltr'>ip-</span> 
     </span>
     <span class='ocr_line' id='line_1_18' title="bbox 125 1374 1690 1426; baseline 0.001 -7"><span class='ocrx_word' id='word_1_153' title='bbox 125 1377 187 1419; x_wconf 87' lang='lat' dir='ltr'>sis</span> <span class='ocrx_word' id='word_1_154' title='bbox 218 1390 271 1425; x_wconf 86' lang='lat' dir='ltr'>ac</span> <span class='ocrx_word' id='word_1_155' title='bbox 293 1375 481 1417; x_wconf 86' lang='lat' dir='ltr'>onibus.</span> <span class='ocrx_word' id='word_1_156' title='bbox 539 1374 650 1417; x_wconf 88' lang='lat' dir='ltr'>Illas</span> <span class='ocrx_word' id='word_1_157' title='bbox 686 1375 802 1418; x_wconf 85' lang='lat' dir='ltr'>enim</span> <span class='ocrx_word' id='word_1_158' title='bbox 839 1389 941 1417; x_wconf 91' lang='lat' dir='ltr'>cum</span> <span class='ocrx_word' id='word_1_159' title='bbox 978 1374 1240 1418; x_wconf 80' lang='lat' dir='ltr'>destitueret</span> <span class='ocrx_word' id='word_1_160' title='bbox 1276 1389 1407 1426; x_wconf 87' lang='lat' dir='ltr'>cura,</span> <span class='ocrx_word' id='word_1_161' title='bbox 1446 1376 1573 1419; x_wconf 86' lang='lat' dir='ltr'>color</span> <span class='ocrx_word' id='word_1_162' title='bbox 1608 1378 1690 1421; x_wconf 86' lang='lat' dir='ltr'>ad-</span> 
     </span>
     <span class='ocr_line' id='line_1_19' title="bbox 118 1435 1745 1521; baseline 0 -33"><span class='ocrx_word' id='word_1_163' title='bbox 118 1444 334 1503; x_wconf 79' lang='lat' dir='ltr'>juvabat3</span> <span class='ocrx_word' id='word_1_164' title='bbox 363 1443 412 1486; x_wconf 90' lang='lat' dir='ltr'>hi</span> <span class='ocrx_word' id='word_1_165' title='bbox 442 1442 606 1488; x_wconf 88' lang='lat' dir='ltr'>coloris</span> <span class='ocrx_word' id='word_1_166' title='bbox 644 1442 791 1487; x_wconf 85' lang='lat' dir='ltr'>minus</span> <span class='ocrx_word' id='word_1_167' title='bbox 820 1441 1002 1494; x_wconf 85' lang='lat' dir='ltr'>habent,</span> <span class='ocrx_word' id='word_1_168' title='bbox 1038 1435 1333 1501; x_wconf 81' lang='lat' dir='ltr'>negligentiae</span> <span class='ocrx_word' id='word_1_169' title='bbox 1368 1457 1460 1487; x_wconf 90' lang='lat' dir='ltr'>non</span> <span class='ocrx_word' id='word_1_170' title='bbox 1491 1445 1673 1498; x_wconf 54' lang='lat' dir='ltr'>minuar</span> <span class='ocrx_word' id='word_1_171' title='bbox 1675 1451 1745 1521; x_wconf 60' lang='lat'>⁶,</span> 
     </span>
     <span class='ocr_line' id='line_1_20' title="bbox 122 1507 1692 1569; baseline 0.001 -12"><span class='ocrx_word' id='word_1_172' title='bbox 122 1526 217 1558; x_wconf 82' lang='lat' dir='ltr'>cxc.</span> <span class='ocrx_word' id='word_1_173' title='bbox 257 1507 398 1554; x_wconf 85' lang='lat' dir='ltr'>contr.</span> <span class='ocrx_word' id='word_1_174' title='bbox 437 1511 493 1554; x_wconf 92' lang='grc' dir='ltr'>ΙΙ.</span> <span class='ocrx_word' id='word_1_175' title='bbox 532 1510 672 1568; x_wconf 85' lang='lat' dir='ltr'>praef.</span> <span class='ocrx_word' id='word_1_176' title='bbox 711 1510 795 1554; x_wconf 86' lang='lat'>395</span> <span class='ocrx_word' id='word_1_177' title='bbox 834 1510 969 1562; x_wconf 88' lang='lat' dir='ltr'>„Non</span> <span class='ocrx_word' id='word_1_178' title='bbox 1004 1516 1094 1561; x_wconf 86' lang='lat' dir='ltr'>est,</span> <span class='ocrx_word' id='word_1_179' title='bbox 1140 1510 1268 1568; x_wconf 90' lang='lat' dir='ltr'>quod</span> <span class='ocrx_word' id='word_1_180' title='bbox 1310 1511 1435 1555; x_wconf 89' lang='lat' dir='ltr'>illum</span> <span class='ocrx_word' id='word_1_181' title='bbox 1472 1513 1692 1569; x_wconf 87' lang='lat' dir='ltr'>(Cassium</span> 
     </span>
     <span class='ocr_line' id='line_1_21' title="bbox 123 1563 1689 1643; baseline 0.001 -19"><span class='ocrx_word' id='word_1_182' title='bbox 123 1580 353 1637; x_wconf 86' lang='lat' dir='ltr'>Severum)</span> <span class='ocrx_word' id='word_1_183' title='bbox 391 1594 448 1622; x_wconf 85' lang='lat' dir='ltr'>ex</span> <span class='ocrx_word' id='word_1_184' title='bbox 458 1578 570 1629; x_wconf 90' lang='lat' dir='ltr'>his,</span> <span class='ocrx_word' id='word_1_185' title='bbox 610 1592 725 1636; x_wconf 88' lang='lat' dir='ltr'>quae</span> <span class='ocrx_word' id='word_1_186' title='bbox 755 1563 916 1629; x_wconf 83' lang='lat' dir='ltr'>edidit,</span> <span class='ocrx_word' id='word_1_187' title='bbox 956 1578 1225 1626; x_wconf 77' lang='lat' dir='ltr'>existimetis.</span> <span class='ocrx_word' id='word_1_188' title='bbox 1283 1579 1562 1639; x_wconf 80' lang='lat' dir='ltr'>Eloquentia</span> <span class='ocrx_word' id='word_1_189' title='bbox 1589 1582 1689 1643; x_wconf 84' lang='lat' dir='ltr'>ejus</span> 
     </span>
     <span class='ocr_line' id='line_1_22' title="bbox 121 1646 1762 1713; baseline 0.002 -23"><span class='ocrx_word' id='word_1_190' title='bbox 121 1648 258 1706; x_wconf 85' lang='lat' dir='ltr'>longe</span> <span class='ocrx_word' id='word_1_191' title='bbox 285 1647 429 1705; x_wconf 84' lang='lat' dir='ltr'>major</span> <span class='ocrx_word' id='word_1_192' title='bbox 458 1653 553 1713; x_wconf 86' lang='lat' dir='ltr'>erat</span> <span class='ocrx_word' id='word_1_193' title='bbox 582 1660 716 1703; x_wconf 90' lang='lat' dir='ltr'>quam</span> <span class='ocrx_word' id='word_1_194' title='bbox 743 1646 919 1688; x_wconf 63' lang='lat' dir='ltr'>lectiof‘</span> <span class='ocrx_word' id='word_1_195' title='bbox 956 1671 1015 1678; x_wconf 90' lang='lat'>-—</span> <span class='ocrx_word' id='word_1_196' title='bbox 1041 1646 1202 1703; x_wconf 86' lang='lat' dir='ltr'>Itaque</span> <span class='ocrx_word' id='word_1_197' title='bbox 1244 1648 1455 1703; x_wconf 88' lang='lat' dir='ltr'>quoniam</span> <span class='ocrx_word' id='word_1_198' title='bbox 1493 1649 1693 1693; x_wconf 80' lang='lat' dir='ltr'>habebat</span> <span class='ocrx_word' id='word_1_199' title='bbox 1756 1684 1762 1686; x_wconf 14' lang='lat' dir='ltr'>e</span> 
     </span>
     <span class='ocr_line' id='line_1_23' title="bbox 120 1713 1692 1776; baseline 0.001 -16"><span class='ocrx_word' id='word_1_200' title='bbox 120 1716 261 1760; x_wconf 81' lang='lat' dir='ltr'>Latro</span> <span class='ocrx_word' id='word_1_201' title='bbox 291 1716 376 1760; x_wconf 90' lang='lat' dir='ltr'>has</span> <span class='ocrx_word' id='word_1_202' title='bbox 405 1715 533 1766; x_wconf 83' lang='lat' dir='ltr'>vires,</span> <span class='ocrx_word' id='word_1_203' title='bbox 573 1729 670 1758; x_wconf 92' lang='lat' dir='ltr'>cum</span> <span class='ocrx_word' id='word_1_204' title='bbox 700 1714 914 1758; x_wconf 81' lang='lat' dir='ltr'>interesse</span> <span class='ocrx_word' id='word_1_205' title='bbox 944 1713 1107 1758; x_wconf 87' lang='lat' dir='ltr'>debere</span> <span class='ocrx_word' id='word_1_206' title='bbox 1136 1715 1303 1758; x_wconf 89' lang='lat' dir='ltr'>actioni</span> <span class='ocrx_word' id='word_1_207' title='bbox 1340 1715 1583 1775; x_wconf 73' lang='lat' dir='ltr'>contendat</span> <span class='ocrx_word' id='word_1_208' title='bbox 1600 1718 1692 1776; x_wconf 23' lang='lat' dir='ltr'>&#39;qui</span> 
     </span>
     <span class='ocr_line' id='line_1_24' title="bbox 119 1783 1689 1842; baseline 0.002 -16"><span class='ocrx_word' id='word_1_209' title='bbox 119 1784 267 1841; x_wconf 85' lang='lat' dir='ltr'>ipsum</span> <span class='ocrx_word' id='word_1_210' title='bbox 297 1783 404 1826; x_wconf 78' lang='lat' dir='ltr'>velit</span> <span class='ocrx_word' id='word_1_211' title='bbox 432 1789 575 1826; x_wconf 84' lang='lat' dir='ltr'>totum</span> <span class='ocrx_word' id='word_1_212' title='bbox 604 1797 890 1842; x_wconf 85' lang='lat' dir='ltr'>cognoscere,</span> <span class='ocrx_word' id='word_1_213' title='bbox 922 1797 1118 1841; x_wconf 87' lang='lat' dir='ltr'>quonam</span> <span class='ocrx_word' id='word_1_214' title='bbox 1138 1784 1275 1826; x_wconf 90' lang='lat' dir='ltr'>modo</span> <span class='ocrx_word' id='word_1_215' title='bbox 1305 1784 1434 1827; x_wconf 84' lang='lat' dir='ltr'>aliter</span> <span class='ocrx_word' id='word_1_216' title='bbox 1461 1786 1489 1827; x_wconf 91' lang='lat' dir='ltr'>i.</span> <span class='ocrx_word' id='word_1_217' title='bbox 1510 1800 1547 1827; x_wconf 91' lang='lat' dir='ltr'>e.</span> <span class='ocrx_word' id='word_1_218' title='bbox 1578 1800 1689 1829; x_wconf 87' lang='grc' dir='ltr'>ιιοιι</span> 
     </span>
     <span class='ocr_line' id='line_1_25' title="bbox 119 1851 1570 1908; baseline 0.001 -14"><span class='ocrx_word' id='word_1_219' title='bbox 119 1857 277 1896; x_wconf 81' lang='lat' dir='ltr'>totus</span> <span class='ocrx_word' id='word_1_220' title='bbox 308 1852 457 1908; x_wconf 85' lang='lat' dir='ltr'>potuit</span> <span class='ocrx_word' id='word_1_221' title='bbox 485 1852 700 1907; x_wconf 83' lang='lat' dir='ltr'>cognosci</span> <span class='ocrx_word' id='word_1_222' title='bbox 729 1851 813 1893; x_wconf 88' lang='lat' dir='ltr'>nisi</span> <span class='ocrx_word' id='word_1_223' title='bbox 844 1866 899 1893; x_wconf 85' lang='lat' dir='ltr'>ex</span> <span class='ocrx_word' id='word_1_224' title='bbox 929 1851 1107 1907; x_wconf 87' lang='lat' dir='ltr'>scriptis</span> <span class='ocrx_word' id='word_1_225' title='bbox 1138 1851 1570 1895; x_wconf 78' lang='lat' dir='ltr'>declamationibus?</span> 
     </span>
     <span class='ocr_line' id='line_1_26' title="bbox 232 1918 1692 1980; baseline 0.001 -17"><span class='ocrx_word' id='word_1_226' title='bbox 232 1919 442 1965; x_wconf 84' lang='lat' dir='ltr'>Edidisse</span> <span class='ocrx_word' id='word_1_227' title='bbox 474 1933 585 1977; x_wconf 80' lang='lat' dir='ltr'>ergo</span> <span class='ocrx_word' id='word_1_228' title='bbox 615 1919 857 1964; x_wconf 71' lang='lat' dir='ltr'>Latronem</span> <span class='ocrx_word' id='word_1_229' title='bbox 894 1918 1242 1980; x_wconf 77' lang='lat' dir='ltr'>declamationes</span> <span class='ocrx_word' id='word_1_230' title='bbox 1286 1935 1378 1963; x_wconf 90' lang='lat' dir='ltr'>non</span> <span class='ocrx_word' id='word_1_231' title='bbox 1414 1920 1692 1979; x_wconf 81' lang='lat' dir='ltr'>negandum3</span> 
     </span>
     <span class='ocr_line' id='line_1_27' title="bbox 119 1987 1692 2049; baseline 0.003 -18"><span class='ocrx_word' id='word_1_232' title='bbox 119 1987 201 2035; x_wconf 84' lang='lat' dir='ltr'>sed</span> <span class='ocrx_word' id='word_1_233' title='bbox 238 2002 456 2045; x_wconf 82' lang='lat' dir='ltr'>quasnam</span> <span class='ocrx_word' id='word_1_234' title='bbox 494 1987 703 2039; x_wconf 85' lang='lat' dir='ltr'>ediderit,</span> <span class='ocrx_word' id='word_1_235' title='bbox 750 1989 1008 2046; x_wconf 84' lang='lat' dir='ltr'>quaeritur.</span> <span class='ocrx_word' id='word_1_236' title='bbox 1066 1988 1277 2046; x_wconf 82' lang='lat' dir='ltr'>Quinque</span> <span class='ocrx_word' id='word_1_237' title='bbox 1316 1989 1491 2046; x_wconf 84' lang='lat' dir='ltr'>profert</span> <span class='ocrx_word' id='word_1_238' title='bbox 1534 1990 1692 2049; x_wconf 85' lang='lat' dir='ltr'>Meyer</span> 
     </span>
     <span class='ocr_line' id='line_1_28' title="bbox 118 2055 1689 2114; baseline 0.002 -15"><span class='ocrx_word' id='word_1_239' title='bbox 118 2061 248 2101; x_wconf 86' lang='lat' dir='ltr'>oratt.</span> <span class='ocrx_word' id='word_1_240' title='bbox 278 2056 405 2100; x_wconf 87' lang='lat' dir='ltr'>Rom.</span> <span class='ocrx_word' id='word_1_241' title='bbox 434 2055 592 2114; x_wconf 82' lang='lat' dir='ltr'>fragm,</span> <span class='ocrx_word' id='word_1_242' title='bbox 620 2056 654 2100; x_wconf 94' lang='lat' dir='ltr'>I.</span> <span class='ocrx_word' id='word_1_243' title='bbox 685 2070 730 2114; x_wconf 91' lang='lat' dir='ltr'>p.</span> <span class='ocrx_word' id='word_1_244' title='bbox 762 2056 858 2100; x_wconf 85' lang='lat'><strong>539.</strong></span> <span class='ocrx_word' id='word_1_245' title='bbox 920 2055 1116 2110; x_wconf 85' lang='lat' dir='ltr'>Quarum</span> <span class='ocrx_word' id='word_1_246' title='bbox 1147 2056 1335 2114; x_wconf 86' lang='lat' dir='ltr'>primam</span> <span class='ocrx_word' id='word_1_247' title='bbox 1354 2056 1411 2100; x_wconf 90' lang='lat' dir='ltr'>de</span> <span class='ocrx_word' id='word_1_248' title='bbox 1431 2057 1689 2109; x_wconf 87' lang='lat' dir='ltr'>Theodoto,</span> 
     </span>
     <span class='ocr_line' id='line_1_29' title="bbox 116 2125 1686 2184; baseline 0.001 -15"><span class='ocrx_word' id='word_1_249' title='bbox 116 2126 346 2184; x_wconf 90' lang='lat' dir='ltr'>Pompeii</span> <span class='ocrx_word' id='word_1_250' title='bbox 337 2125 620 2169; x_wconf 83' lang='lat' dir='ltr'>interfectore</span> <span class='ocrx_word' id='word_1_251' title='bbox 639 2126 899 2176; x_wconf 86' lang='lat' dir='ltr'>suasoriam,</span> <span class='ocrx_word' id='word_1_252' title='bbox 921 2131 1302 2169; x_wconf 86' lang='lat' dir='ltr'>commemoratam</span> <span class='ocrx_word' id='word_1_253' title='bbox 1321 2140 1394 2184; x_wconf 86' lang='lat' dir='ltr'>ap.</span> <span class='ocrx_word' id='word_1_254' title='bbox 1416 2127 1520 2171; x_wconf 73' lang='lat' dir='ltr'>Seu,</span> <span class='ocrx_word' id='word_1_255' title='bbox 1542 2134 1686 2175; x_wconf 83' lang='lat' dir='ltr'>contr.</span> 
     </span>
     <span class='ocr_line' id='line_1_30' title="bbox 118 2182 1690 2252; baseline 0.002 -16"><span class='ocrx_word' id='word_1_256' title='bbox 118 2194 178 2237; x_wconf 85' lang='lat'>11.</span> <span class='ocrx_word' id='word_1_257' title='bbox 211 2193 279 2239; x_wconf 84' lang='lat'>12.</span> <span class='ocrx_word' id='word_1_258' title='bbox 310 2182 405 2245; x_wconf 80' lang='lat'>1¹71,</span> <span class='ocrx_word' id='word_1_259' title='bbox 436 2208 516 2236; x_wconf 91' lang='lat' dir='ltr'>cur</span> <span class='ocrx_word' id='word_1_260' title='bbox 544 2192 726 2241; x_wconf 78' lang='lat' dir='ltr'>editam</span> <span class='ocrx_word' id='word_1_261' title='bbox 724 2200 919 2244; x_wconf 86' lang='lat' dir='ltr'>statuat,</span> <span class='ocrx_word' id='word_1_262' title='bbox 949 2208 1171 2251; x_wconf 86' lang='lat' dir='ltr'>nusquam</span> <span class='ocrx_word' id='word_1_263' title='bbox 1209 2194 1413 2252; x_wconf 84' lang='lat' dir='ltr'>equidem</span> <span class='ocrx_word' id='word_1_264' title='bbox 1449 2195 1583 2238; x_wconf 83' lang='lat' dir='ltr'>video</span> <span class='ocrx_word' id='word_1_265' title='bbox 1622 2210 1690 2239; x_wconf 81' lang='lat' dir='ltr'>ar-</span> 
     </span>
     <span class='ocr_line' id='line_1_31' title="bbox 116 2261 1692 2322; baseline 0 -15"><span class='ocrx_word' id='word_1_266' title='bbox 116 2269 390 2322; x_wconf 87' lang='lat' dir='ltr'>gumentum:</span> <span class='ocrx_word' id='word_1_267' title='bbox 421 2261 532 2305; x_wconf 85' lang='lat' dir='ltr'>nihil</span> <span class='ocrx_word' id='word_1_268' title='bbox 557 2262 645 2305; x_wconf 85' lang='lat' dir='ltr'>nisi</span> <span class='ocrx_word' id='word_1_269' title='bbox 672 2262 962 2306; x_wconf 84' lang='lat' dir='ltr'>declamatam</span> <span class='ocrx_word' id='word_1_270' title='bbox 992 2277 1088 2305; x_wconf 88' lang='lat' dir='ltr'>eam</span> <span class='ocrx_word' id='word_1_271' title='bbox 1116 2277 1144 2305; x_wconf 92' lang='lat' dir='ltr'>a</span> <span class='ocrx_word' id='word_1_272' title='bbox 1162 2261 1360 2306; x_wconf 90' lang='lat' dir='ltr'>Latrone</span> <span class='ocrx_word' id='word_1_273' title='bbox 1388 2262 1561 2307; x_wconf 88' lang='lat' dir='ltr'>Seneca</span> <span class='ocrx_word' id='word_1_274' title='bbox 1588 2278 1692 2322; x_wconf 85' lang='lat' dir='ltr'>pro-</span> 
     </span>
     <span class='ocr_line' id='line_1_32' title="bbox 115 2330 1690 2389; baseline -0.001 -12"><span class='ocrx_word' id='word_1_275' title='bbox 115 2332 279 2377; x_wconf 83' lang='lat' dir='ltr'>fitetur.</span> <span class='ocrx_word' id='word_1_276' title='bbox 354 2331 511 2375; x_wconf 90' lang='lat' dir='ltr'>Altero</span> <span class='ocrx_word' id='word_1_277' title='bbox 542 2330 704 2375; x_wconf 87' lang='lat' dir='ltr'>deinde</span> <span class='ocrx_word' id='word_1_278' title='bbox 745 2330 850 2374; x_wconf 92' lang='lat' dir='ltr'>loco</span> <span class='ocrx_word' id='word_1_279' title='bbox 873 2330 1113 2388; x_wconf 84' lang='lat' dir='ltr'>Capitonis</span> <span class='ocrx_word' id='word_1_280' title='bbox 1152 2330 1209 2374; x_wconf 90' lang='lat' dir='ltr'>de</span> <span class='ocrx_word' id='word_1_281' title='bbox 1246 2330 1444 2389; x_wconf 88' lang='lat' dir='ltr'>Popillio</span> <span class='ocrx_word' id='word_1_282' title='bbox 1472 2330 1690 2381; x_wconf 67' lang='lat' dir='ltr'>declam</span> 
     </span>
     <span class='ocr_line' id='line_1_33' title="bbox 114 2396 1685 2458; baseline 0.001 -14"><span class='ocrx_word' id='word_1_283' title='bbox 114 2402 236 2444; x_wconf 85' lang='lat' dir='ltr'>tione</span> <span class='ocrx_word' id='word_1_284' title='bbox 255 2400 447 2458; x_wconf 81' lang='lat' dir='ltr'>prolata,</span> <span class='ocrx_word' id='word_1_285' title='bbox 477 2406 638 2456; x_wconf 85' lang='lat' dir='ltr'>utpote</span> <span class='ocrx_word' id='word_1_286' title='bbox 658 2414 776 2456; x_wconf 88' lang='lat' dir='ltr'>quae</span> <span class='ocrx_word' id='word_1_287' title='bbox 803 2399 1014 2456; x_wconf 82' lang='lat' dir='ltr'>Latronis</span> <span class='ocrx_word' id='word_1_288' title='bbox 1042 2396 1220 2441; x_wconf 87' lang='lat' dir='ltr'>nomine</span> <span class='ocrx_word' id='word_1_289' title='bbox 1240 2399 1596 2444; x_wconf 83' lang='lat' dir='ltr'>circumferretur</span> <span class='ocrx_word' id='word_1_290' title='bbox 1615 2401 1685 2458; x_wconf 84' lang='lat' dir='ltr'>(cf.</span> 
     </span>
     <span class='ocr_line' id='line_1_34' title="bbox 116 2466 1691 2527; baseline -0.001 -14"><span class='ocrx_word' id='word_1_291' title='bbox 116 2475 258 2514; x_wconf 82' lang='lat' dir='ltr'>contr.</span> <span class='ocrx_word' id='word_1_292' title='bbox 280 2469 338 2514; x_wconf 88' lang='lat' dir='ltr'>V.</span> <span class='ocrx_word' id='word_1_293' title='bbox 358 2467 497 2527; x_wconf 88' lang='lat' dir='ltr'>praef.</span> <span class='ocrx_word' id='word_1_294' title='bbox 527 2466 640 2524; x_wconf 87' lang='lat'>323),</span> <span class='ocrx_word' id='word_1_295' title='bbox 671 2468 845 2511; x_wconf 89' lang='lat' dir='ltr'>tertiam</span> <span class='ocrx_word' id='word_1_296' title='bbox 866 2466 1072 2525; x_wconf 78' lang='lat' dir='ltr'>adjungit</span> <span class='ocrx_word' id='word_1_297' title='bbox 1091 2482 1199 2517; x_wconf 89' lang='lat' dir='ltr'>eam,</span> <span class='ocrx_word' id='word_1_298' title='bbox 1230 2467 1349 2511; x_wconf 89' lang='lat' dir='ltr'>unde</span> <span class='ocrx_word' id='word_1_299' title='bbox 1368 2466 1691 2521; x_wconf 84' lang='lat' dir='ltr'>Quintilianum</span> 
     </span>
     <span class='ocr_line' id='line_1_35' title="bbox 117 2535 1693 2595; baseline 0 -14"><span class='ocrx_word' id='word_1_300' title='bbox 117 2537 213 2594; x_wconf 88' lang='lat' dir='ltr'><strong>(IX.</strong></span> <span class='ocrx_word' id='word_1_301' title='bbox 235 2537 275 2582; x_wconf 88' lang='lat'>2.</span> <span class='ocrx_word' id='word_1_302' title='bbox 294 2537 367 2595; x_wconf 76' lang='lat'>91)</span> <span class='ocrx_word' id='word_1_303' title='bbox 387 2537 652 2582; x_wconf 82' lang='lat' dir='ltr'>sententiam</span> <span class='ocrx_word' id='word_1_304' title='bbox 668 2537 915 2594; x_wconf 73' lang='lat' dir='ltr'>empsisse</span> <span class='ocrx_word' id='word_1_305' title='bbox 941 2546 1080 2593; x_wconf 84' lang='lat' dir='ltr'>supra</span> <span class='ocrx_word' id='word_1_306' title='bbox 1100 2535 1305 2587; x_wconf 86' lang='lat' dir='ltr'>diximus,</span> <span class='ocrx_word' id='word_1_307' title='bbox 1326 2535 1459 2579; x_wconf 90' lang='lat' dir='ltr'>nobis</span> <span class='ocrx_word' id='word_1_308' title='bbox 1486 2535 1693 2594; x_wconf 82' lang='lat' dir='ltr'>deperdi-</span> 
     </span>
    </p>
   </div>
   <div class='ocr_carea' id='block_1_5' title="bbox 111 2665 384 2675">
    <p class='ocr_par' dir='ltr' id='par_1_5' title="bbox 111 2665 384 2675">
     <span class='ocr_line' id='line_1_36' title="bbox 111 2665 384 2675; baseline 0 0"><span class='ocrx_word' id='word_1_309' title='bbox 111 2665 384 2675; x_wconf 95' lang='lat' dir='ltr'> </span> 
     </span>
    </p>
   </div>
   <div class='ocr_carea' id='block_1_6' title="bbox 107 2745 1692 2872">
    <p class='ocr_par' dir='ltr' id='par_1_6' title="bbox 107 2745 1692 2872">
     <span class='ocr_line' id='line_1_37' title="bbox 183 2745 1679 2818; baseline -0.003 -11"><span class='ocrx_word' id='word_1_310' title='bbox 183 2768 233 2814; x_wconf 42' lang='grc' dir='ltr'>Τ)</span> <span class='ocrx_word' id='word_1_311' title='bbox 257 2745 394 2805; x_wconf 68' lang='lat' dir='ltr'>Seneca</span> <span class='ocrx_word' id='word_1_312' title='bbox 406 2766 572 2804; x_wconf 84' lang='lat' dir='ltr'>hocloco</span> <span class='ocrx_word' id='word_1_313' title='bbox 586 2778 658 2803; x_wconf 84' lang='lat' dir='ltr'>non</span> <span class='ocrx_word' id='word_1_314' title='bbox 674 2771 794 2818; x_wconf 79' lang='lat' dir='ltr'>potest</span> <span class='ocrx_word' id='word_1_315' title='bbox 815 2764 893 2815; x_wconf 88' lang='lat' dir='ltr'>ejus</span> <span class='ocrx_word' id='word_1_316' title='bbox 916 2767 998 2803; x_wconf 83' lang='lat' dir='ltr'>fons</span> <span class='ocrx_word' id='word_1_317' title='bbox 1022 2765 1144 2811; x_wconf 83' lang='lat' dir='ltr'>fuisse,</span> <span class='ocrx_word' id='word_1_318' title='bbox 1169 2765 1297 2814; x_wconf 85' lang='lat' dir='ltr'>quippe</span> <span class='ocrx_word' id='word_1_319' title='bbox 1317 2753 1379 2812; x_wconf 60' lang='lat' dir='ltr'>‘qui</span> <span class='ocrx_word' id='word_1_320' title='bbox 1402 2765 1679 2802; x_wconf 65' lang='lat' dir='ltr'>eona-oversiam</span> 
     </span>
     <span class='ocr_line' id='line_1_38' title="bbox 107 2822 1692 2872; baseline -0.001 -12"><span class='ocrx_word' id='word_1_321' title='bbox 107 2822 238 2861; x_wconf 79' lang='lat' dir='ltr'>habeat</span> <span class='ocrx_word' id='word_1_322' title='bbox 252 2825 297 2864; x_wconf 80' lang='lat' dir='ltr'>de</span> <span class='ocrx_word' id='word_1_323' title='bbox 312 2831 454 2872; x_wconf 79' lang='lat' dir='ltr'>raptore</span> <span class='ocrx_word' id='word_1_324' title='bbox 469 2829 605 2872; x_wconf 67' lang='lat' dir='ltr'>patrem</span> <span class='ocrx_word' id='word_1_325' title='bbox 620 2836 723 2860; x_wconf 80' lang='lat' dir='ltr'>suum</span> <span class='ocrx_word' id='word_1_326' title='bbox 737 2836 809 2860; x_wconf 89' lang='lat' dir='ltr'>non</span> <span class='ocrx_word' id='word_1_327' title='bbox 826 2829 995 2871; x_wconf 74' lang='lat' dir='ltr'>exorante</span> <span class='ocrx_word' id='word_1_328' title='bbox 1003 2824 1064 2870; x_wconf 82' lang='lat' dir='ltr'>(ef.</span> <span class='ocrx_word' id='word_1_329' title='bbox 1074 2829 1183 2860; x_wconf 82' lang='lat' dir='ltr'>contr.</span> <span class='ocrx_word' id='word_1_330' title='bbox 1191 2824 1233 2859; x_wconf 88' lang='lat'>11.</span> <span class='ocrx_word' id='word_1_331' title='bbox 1245 2824 1389 2869; x_wconf 81' lang='lat' dir='ltr'>11)‚uec</span> <span class='ocrx_word' id='word_1_332' title='bbox 1398 2834 1484 2859; x_wconf 82' lang='lat' dir='ltr'>vero</span> <span class='ocrx_word' id='word_1_333' title='bbox 1498 2823 1556 2858; x_wconf 74' lang='lat' dir='ltr'>illa</span> <span class='ocrx_word' id='word_1_334' title='bbox 1571 2824 1692 2859; x_wconf 74' lang='lat' dir='ltr'>verba.</span> 
     </span>
    </p>
   </div>
  </div>
 </body>
</html>
