1888 3090
896 189 961 244 Μ

150 341 594 393 111<>v2÷12¹.—,247,2.2m.-
620 340 706 384 23
727 339 835 392 m,-
864 340 943 384 IV.
972 340 1049 383 26.
1071 340 1207 391 2893·
1226 340 1283 387 V.
1313 342 1382 386 32.
1411 341 1520 393 3425
1557 342 1615 385 V.
1634 341 1713 385 3³.

150 408 255 468 3493
283 413 335 454 11.
369 411 434 454 15.
456 408 690 460 ’191-,ν-194,
711 408 826 466 195,
849 411 879 451 1.
909 409 949 453 3.
984 408 1180 459 lom-IL
1204 409 1270 455 17.
1290 410 1388 461 216,
1419 409 1497 454 IV.
1524 409 1595 453 29.
1615 408 1715 462 311,

148 480 200 520 11.
230 478 271 522 9.
304 479 433 535 142).
494 478 565 521 Ne
600 478 780 535 longus.
802 478 906 529 sim,
942 473 1156 521 utebatur
1190 492 1353 537 magna
1390 493 1474 522 sua
1510 478 1716 522 doctrina

147 545 223 597 ita,
251 552 305 590 ut
318 546 591 605 ‘eloquentia
618 545 869 603 ejus-aliud
905 544 1014 603 quid
1053 553 1172 591 esset
1211 560 1346 603 quam
1380 547 1547 605 ingenii
1577 552 1626 589 et
1651 545 1716 588 fa·

143 614 360 659 'cetiamm
386 613 488 658 sola
506 613 770 658 ostentatio.
828 613 988 672 Itaque
1016 612 1220 672 equidem
1259 614 1383 657 nullo
1420 613 1557 658 modo
1574 614 1715 658 >intel-

147 681 255 741 ligo.
269 696 377 741 quo
400 683 531 740 jure
526 681 833 727 Graefenhan
852 681 1034 739 (Gesch.
1074 681 1155 725 der
1190 682 1323 728 class.
1352 682 1516 726 Philol.
1547 683 1605 726 im
1634 682 1715 727 Al-

146 750 344 795 terthum
379 750 459 796 IV.
498 751 522 810 ἓ
558 749 658 793 269
668 764 726 810 Ρ.
768 749 876 807 185)
910 750 975 793 ita
1003 749 1197 808 judicet:
1233 750 1582 809 Antiquarische
1617 751 1715 795 und

135 816 487 878 gmnmtische
514 818 782 876 Forsohung
816 818 991 877 zeigen
1006 823 1140 862 unte:
1164 819 1407 876 Augustus
1441 816 1714 878 wenigstens

145 886 268 950 noch
295 886 521 939 Messalla,
551 881 690 932 Cass.-
706 887 914 937 Severus,
944 886 1202 936 Passienus,
1233 886 1485 931 Trachalus
1522 887 1618 931 und
1646 889 1715 939 A..

144 941 363 998 wahrend
390 955 452 999 M.
470 955 672 998 -Poreius
700 954 840 998 Latro
876 956 969 997 und
976 954 1082 1012 Caj
1112 954 1324 998 Albutius
1352 954 1473 998 Silus
1493 955 1637 998 sehon
1657 970 1714 999 zu
1763 977 1770 983 ν

145 1021 300 1065 denen
317 1022 544 1081 gehbren,
561 1022 633 1066 die
660 1022 759 1066 sich
770 1022 973 1079 ¹weniger
994 1034 1084 1064 um·
1104 1021 1347 1080 gediegene
1363 1022 1624 1075 Kenntniss,
1645 1023 1714 1067 als

145 1105 221 1134 um
256 1090 666 1151 Zungenfertigkeit
710 1089 806 1134 und
852 1089 1355 1134 ohrenschmeiehelnde
1404 1090 1719 1178 Retio-sarten-

82 1200 87 1204 .
144 1159 378 1215 bemuhen.

185 1282 200 1305 ·.
262 1227 327 1272 11.
375 1228 526 1286 Atque
554 1228 593 1271 si
630 1196 820 1285 simplex
859 1226 1193 1284 quodammodo
1230 1227 1268 1270 I
1270 1233 1370 1270 atro
1402 1230 1507 1285 jun-e
1534 1228 1712 1297 dicitur,

144 1296 289 1340 minus
316 1295 546 1340 fortasse·
517 1296 696 1347 mirum,
728 1294 855 1369 quod
885 1294 1135 1341 Graecos
1158 1301 1223 1339 et
1238 1297 1631 1341 contemnebat
1660 1304 1715 1342 et

143 1365 441 1424 ignorabat
461 1360 526 1408 ef.
546 1365 648 1408 Sen.
672 1371 813 1408 contr.
836 1364 894 1407 V.
904 1364 984 1409 33
1003 1364 1102 1407 352.
1139 1364 1254 1407 Hoc
1268 1364 1455 1422 quidem
1483 1365 1588 1408 loco
1618 1381 1713 1415 non

143 1430 456 1492 intelligendas
488 1448 585 1477 esse
621 1433 794 1477 litteras
821 1432 1019 1497 Graecas
1047 1447 1204 1491 neque·
1224 1432 1455 1477 rhetorum
1482 1433 1624 1477 libros
1654 1433 1714 1478 de

144 1508 239 1545 arte
258 1502 482 1545 rhetorica
501 1502 724 1559 scriptos,
739 1515 834 1544 non
854 1516 973 1558 οΡιι8
1004 1507 1073 1544 est
1108 1502 1248 1544 verbo
1288 1507 1485 1559 tangere.
1534 1502 1666 1545 Nam
1671 1503 1712 1546 si

145 1565 246 1629 quis
254 1569 380 1621 alius,
397 1569 537 1614 Latro
553 1569 662 1614 artis
671 1568 1080 1628 erat-peritissimus,
1099 1583 1234 1627 quam
1252 1568 1372 1612 unde
1389 1568 1584 1614 debebat
1599 1569 1713 1614 hau-

141 1639 229 1682 rire
257 1639 343 1681 nisi
372 1654 429 1681 ex
450 1639 664 1682 Graecis?
693 1637 974 1696 Intelligendi
1001 1645 1107 1681 sunt
1128 1638 1348 1696 >aequales
1369 1638 1708 1684 declamatores.

141 1706 389 1751 Diserimen
419 1708 534 1751 enim
562 1702 814 1755 faciendum
843 1713 913 1750 est
940 1706 1057 1750 inter
1084 1705 1285 1750 Graecos
1322 1713 1367 1750 et
1403 1706 1608 1765 Latinos:
1645 1707 1711 1751 1111

141 1776 269 1819 initio
298 1776 384 1819 soli
413 1782 541 1819 erant
568 1776 791 1826 rhetores,
828 1773 978 1818 Latini
1015 1771 1324 1832 provenerunt
1358 1776 1462 1819 inde
1500 1791 1528 1819 a
1555 1775 1707 1820 Plotio

142 1843 290 1888 Gallo.
357 1835 450 1887 Sed
492 1858 592 1895 cum
630 1843 812 1898 Graecis
848 1842 1244 1904 exercitationibus
1281 1843 1437 1887 melius
1474 1844 1533 1887 ali
1568 1859 1719 1903 posse

138 1913 315 1971 ingenia
330 1918 596 1970 putarentur
623 1912 697 1969 (cf.
719 1913 808 1956 Cic.
829 1927 903 1969 ap.
933 1912 1127 1956 Sueton.-
1151 1912 1209 1955 de
1227 1912 1333 1956 clar.
1363 1912 1475 1959 rhet.
1507 1913 1580 1970 2.),
1610 1922 1705 1958 non

141 1975 286 2031 solum
313 1979 582 2035 multi,.>cum
619 1975 952 2030 declamabant,
990 1980 1323 2022 exercitationis
1359 1995 1499 2024 causa
1534 1981 1709 2024 Graeca

141 2048 382 2093 utebantur
408 2048 584 2106 lingua,
613 2048 738 2099 velut
768 2047 921 2092 Cicero
951 2048 1052 2105 ipse·
1065 2092 1067 2094 ,
1081 2047 1143 2091 ad
1170 2036 1424 2105 praeturam
1453 2064 1599 2107 usque
1628 2049 1707 2092 de-

141 2114 364 2164 clamabat
380 2117 582 2169 Graece,
615 2116 777 2164 Latine
813 2116 964 2161 senior
1002 2117 1075 2175 (cf.
1114 2117 1226 2162 Suet
1261 2116 1319 2161 de
1356 2117 1462 2161 clar.
1497 2117 1610 2162 rhet.
1652 2119 1707 2177 1),

141 2187 224 2232 sed
251 2188 381 2231 etiam
412 2188 682 2230 Graecorum
715 2185 900 2230 scholae
938 2193 1066 2231 erant
1093 2192 1273 2244 praeter
1299 2186 1499 2239 Latinos,
1536 2188 1583 2231 in
1612 2188 1710 2246 qui-

140 2257 226 2301 bus
265 2267 382 2335 quae
419 2254 653 2300 audiverat
688 2256 823 2314 plura
851 2256 1023 2299 Seneca
1060 2255 1210 2307 affert,
1248 2258 1294 2299 et
1329 2256 1456 2299 multi
1484 2256 1707 2300 declama-

138 2332 261 2369 tores
280 2326 411 2369 unius
431 2324 615 2383 linguae
631 2324 889 2382 eloquentia
907 2338 1003 2367 -non
1017 2324 1217 2368 contenti
1237 2330 1431 2383 utraque
1449 2324 1703 2369 utebantur.

139 2393 247 2438 Cum
277 2395 391 2436 enim
420 2392 580 2440 Latine
609 2392 987 2443 declamavaant,
1025 2397 1135 2451 toga
1162 2392 1336 2450 posita,
1381 2398 1528 2436 sumto
1567 2393 1705 2451 pallio

139 2461 271 2520 quasi
298 2476 495 2529 persona
530 2467 701 2504 mutata
727 2461 942 2504 redibant
978 2449 1023 2503 et
1059 2460 1275 2503 Graecam
1312 2460 1523 2504 dicebant
1560 2461 1708 2505 deela-

138 2526 372 2575 mationem
412 2530 466 2573 cf.
507 2536 650 2575 contr.
681 2529 781 2574 IV.·
800 2528 869 2573 26.
908 2528 1004 2572 291.
1042 2529 1216 2588 Digni
1261 2529 1392 2577 etiam
1439 2529 1708 2574 videbantur

139 2595 300 2644 Graeci
326 2601 520 2675 Latinis,
561 2615 678 2658 quos
708 2615 807 2643 cum
836 2599 1116 2642 imitarentur
1152 2606 1253 2642 tum
1274 2599 1404 2643 etiam
1433 2598 1493 2642 ad
1522 2599 1707 2643 verbum

136 2670 185 2713 in
210 2668 417 2718 Latinum
425 2647 738 2712 transferrent
768 2668 839 2725 (cf.
870 2682 999 2711 suaS.
1014 2667 1113 2711 VII.
1135 2668 1203 2718 50,
1221 2667 1322 2711 .1V.
1327 2667 1429 2723 29),
1459 2682 1553 2710 ιιοιι
1581 2682 1703 2711 com-

137 2736 433 2792 mendationis
463 2744 542 2780 aut
570 2737 679 2780 furti
708 2751 859 2787 causa,
889 2743 941 2778 ut
969 2737 1032 2779 ait
1060 2736 1275 2786 Arellius,
1313 2735 1398 2778 sed
1430 2736 1707 2779 exercitatio-

136 2806 225 2850 nis:
257 2805 377 2857 ‚‚Do,
407 2805 577 2864 inquit,
604 2818 806 2863 operam,
843 2811 896 2848 ut
925 2818 1023 2848 cum
1054 2804 1233 2862 optimis
1272 2803 1500 2847 sententiis
1529 2810 1704 2857 certem,

136 2885 244 2919 nec
241 2838 355 2918 illas
392 2888 678 2950 corrumpere
713 2889 856 2919 conor
891 2859 972 2918 sed
1004 2874 1209 2918 vincere“
1248 2872 1303 2917 cf.
1340 2879 1484 2917 contr.
1523 2873 1601 2917 IV.
1633 2873 1705 2918 24·

1400 2942 1423 2976 6
