1888 3090
910 212 975 267 3!

9 354 14 359 ⁴
101 362 105 366 ’
146 363 274 407 >Duo
304 336 517 406 fratres
537 365 685 406 inter
714 377 770 406 se
799 362 1169 410 dissidebant.
1200 367 1575 413 Alteri'fil-ius'
1597 375 1727 414 erat.

152 430 393 491 patruus
440 432 494 475 in
531 438 832 491 egestatem
878 433 1105 486 incidit,
1142 443 1300 493 patre
1338 443 1561 481 vetante
1587 437 1726 481 ado-

148 500 370 544 lescens
415 500 573 544 illum
614 500 771 545 aluit.
867 501 957 559 Ob⁸
1004 502 1111 546 hoc
1171 505 1467 549 abdicatus
1527 506 1727 550 tacuit:

151 568 530 627 adoptatus-a
560 574 764 626 patruo
802 576 898 613 est.
958 569 1202 615 Patruus
1239 581 1475 632 accepta
1509 573 1725 617 heredi-

158 644 278 682 tate
305 636 568 696 locuple-s
597 637 783 682 factus
808 643 918 683 est.
990 637 1169 699 Egere
1203 641 1389 700 coepit
1424 648 1602 701 pater:
1641 657 1729 701 Ye-

98 714 102 715 ’
145 713 305 751 tante
334 712 535 764 patruo
569 706 726 750 alui-t
754 706 931 751 illum:
970 707 1280 765 abdicatur.
1318 701 1377 743 -’
1411 711 1597 755 Hoc-in
1633 710 1728 754 the-

99 800 107 806 ·
149 782 268 819 mate
297 789 441 834 quam.
463 780 699 818 contortus
729 781 798 818 est
827 774 991 819 Triarii
1029 775 1159 820 color
1188 792 1233 835 p.
1263 777 1341 821 7¹7:-
1376 777 1536 830 Timui,
1566 767 1753 836 inquit,⁸

149 845 195 895 si
232 843 455 894 aluissem,
500 858 569 887 ne·
603 842 839 887 abdicarer
875 857 903 887 a
941 851 1088 903 patre:
1136 846 1350 898 sciebam,
1398 847 1625 906 quomodo
1662 846 1725 890 illi

154 913 444 970 placuissem
483 911 556 954 vel
594 911 732 969 paulo
772 919 877 969 post
913 914 1186 972 Argentarii:
1255 914 1365 959 Cum
1401 916 1620 959 vetuisset
1657 928 1726 959 me

150 988 282 1038 pater
310 980 521 1023 alimenta
551 976 795 1037 praestare,
833 981 870 1023 si
910 996 1001 1039 qua
1031 988 1100 1025 est
1127 982 1253 1033 fides,
1284 997 1377 1026 non
1407 984 1564 1041 putavi
1602 983 1725 1036 illum

149 1064 208 1092 ex
236 1045 384 1092 animo
413 1048 587 1092 vetare!
645 1047 807 1106 Neque
843 1049 999 1092 melius
1038 1050 1212 1093 Cestius
1242 1051 1337 1108 agit·
1359 1064 1417 1108 p.
1457 1051 1532 1095 78:
1571 1051 1727 1094 Frater

151 1131 235 1160 nec
263 1116 498 1159 miseretur
544 1130 630 1159 nec
662 1122 863 1173 praestat
893 1116 1120 1161 alimenta:
1153 1117 1242 1161 hoc
1260 1125 1351 1169 est,
1399 1116 1593 1178 inquam,
1630 1132 1726 1162 non

147 1185 250 1230 vult
286 1185 544 1243 praeripere
579 1184 671 1228 filio
710 1184 907 1228 officium
937 1192 981 1228 et
1020 1202 1061 1244 p.
1092 1185 1169 1230 80:
1205 1186 1413 1231 Debuisti
1441 1202 1516 1231 -me
1552 1193 1726 1245 rogare,

151 1262 212 1298 ut·
231 1252 330 1312 ipse
351 1260 645 1310 praestarem:
678 1252 872 1296 debuisti
902 1253 1023 1296 illum
1057 1254 1116 1296 ad
1147 1269 1216 1296 me
1237 1251 1499 1311 perducere,
1531 1254 1725 1298 debuisti

148 1320 558 1366 reconciliationem
580 1327 766 1372 tentare,
797 1336 891 1364 non
911 1321 1070 1364 famam
1093 1322 1270 1379 pietatis
1291 1337 1347 1365 ex
1366 1330 1521 1366 nostra
1541 1328 1724 1380 captare

151 1390 392 1434 discordia.
444 1388 596 1431 Vel-in
625 1396 766 1433 contr.
796 1389 830 1433 Ι.
852 1390 891 1432 3.
908 1389 1000 1432 ubi
1031 1390 1201 1434 incesta
1230 1390 1287 1433 de
1316 1404 1427 1433 saxo
1447 1390 1620 1433 deiecta
1647 1390 1730 1433 sed

151 1466 331 1503 servata
361 1473 417 1501 an
450 1459 606 1501 iterum
638 1456 881 1508 deiiciatur,
932 1458 1173 1516 quaeritur,
1222 1459 1261 1501 si
1298 1459 1476 1506 Pastor.
1496 1459 1651 1502 Aetius
1680 1473 1726 1517 p.

149 1528 206 1571 97
238 1528 360 1570 hunc
390 1527 606 1584 optimum
637 1527 815 1583 putavit
844 1526 1058 1579 colorem;
1097 1526 1171 1569 Sic
1206 1527 1431 1569 veneficiis
1469 1528 1728 1584 corpus-in-

151 1597 319 1654 duruit,
349 1603 402 1639 ut
438 1610 549 1638 saxa
587 1594 906 1646 reverberaret,
946 1594 1018 1638 vel
1056 1593 1184 1638 Otho*
1217 1594 1380 1638 Junius
1419 1601 1545 1653 pater
1574 1610 1617 1654 p.
1635 1594 1724 1639 -972
1760 1586 1762 1588 ¹

152 1666 381 1716 Fortasse,
412 1665 570 1722 inquit,
621 1659 797 1721 poenae
825 1678 873 1706 se
904 1665 1191 1721 praeparavit
1239 1670 1284 1707 et
1329 1679 1384 1707 ex
1423 1679 1513 1722 quo
1546 1680 1729 1722 peceare

158 1736 324 1792 coepit,
356 1734 516 1777 eadere
547 1732 871 1776 condidicit—
890 1732 1108 1791 numquid
1137 1733 1394 1791 corruptius
1424 1748 1521 1776 esse
1552 1733 1733 1791 potest?

149 1803 372 1848 ,conferas
412 1803 458 1845 in
489 1801 678 1850 eundem
707 1801 889 1844 modum
927 1802 1118 1858 ineptias
1157 1802 1318 1844 Triarii
1357 1809 1497 1844 contr.
1538 1802 1616 1845 IV.
1649 1801 1725 1855 25,

150 1871 251 1923 282,
281 1870 361 1915 IV.
391 1870 462 1913 29.
492 1869 591 1920 313,
621 1868 873 1915 Murrhedii
902 1868 982 1912 IV.
1015 1868 1082 1914 27.
1114 1869 1211 1920 301,
1242 1869 1321 1913 IV.
1353 1869 1421 1912 25.
1452 1861 1549 1919 285,
1588 1869 1728 1913 Otho-

152 1942 226 1984 nis
267 1940 411 1998 patris
440 1938 499 1982 V.
530 1938 599 1981 34.
628 1937 727 1987 364,
766 1936 895 1980 Varii
933 1937 1251 1994 Gemini-suas.
1291 1938 1349 1981 V.
1379 1937 1447 1981 36.
1480 1946 1619 1982 contr.
1651 1939 1726 1983 ΠΙ.

157 2009 226 2052 18.
248 2008 345 2051 222.
376 2006 593 2050 Buteonis
622 2011 764 2049 contr.
796 2005 868 2049 111.
893 2005 957 2048 19.
979 2005 1076 2056 230,
1108 2006 1262 2065 Gargii
1291 2006 1349 2050 V.
1370 2006 1438 2049 34.
1461 2006 1558 2057 364,
1589 2006 1728 2051 duros

151 2077 333 2121 colores
370 2075 589 2132 Hisponis
628 2073 819 2117 Romani
854 2074 936 2118 IV.
967 2073 1035 2117 24.
1068 2073 1164 2126 273,
1204 2074 1371 2118 Silonis
1408 2075 1612 2133 Pompeii
1648 2075 1725 2120 ΙΙΙ.

154 2146 220 2190 19.
252 2144 358 2195 2313
397 2143 605 2188 conferas
636 2143 770 2187 etiam
799 2143 939 2187 verba
974 2142 1129 2187 Arellii
1158 2142 1293 2187 Fusci
1330 2149 1474 2187 contr.
1509 2143 1543 2194 Ι,
1574 2143 1728 2187 7.122

147 2210 281 2265 „trito
303 2219 449 2256 autem
471 2212 748 2255 scribebam“
765 2227 867 2269 seq3
897 2213 1071 2255 Albutii
1091 2212 1313 2255 fictionem
1335 2218 1476 2255 contr.
1498 2212 1549 2255 Il.
1569 2213 1609 2255 9.
1633 2213 1727 2255 147.

161 2281 384 2328 Gallionis
422 2280 481 2324 V.
520 2279 592 2324 34.
627 2279 725 2331 361,
765 2279 910 2324 Cestii·
934 2279 1163 2339 pueriliter
1207 2280 1331 2324 dicta
1358 2286 1500 2324 contr.
1539 2279 1727 2334 1V.·ss29.

130 2352 249 2402 μ314,
279 2352 360 2395 ΠΤ.
400 2350 468 2393 24.
508 2349 606 2393 274.
643 2355 688 2392 et
723 2349 898 2392 videbis
928 2350 1062 2392 ctiam
1097 2349 1144 2391 in
1182 2348 1315 2392 claris
1352 2349 1727 2393 declamatoribus

150 2435 246 2464 non
273 2417 533 2476 desideran‘,
565 2432 684 2477 quae
712 2417 808 2460 iure
836 2417 947 2461 mira
976 2416 1065 2460 dici
1093 2416 1283 2474 possint.
1595 2474 1599 2477 ι

261 2488 369 2531 'Hoc
415 2486 788 2530 scholasticorum
837 2498 1071 2528 commune
1118 2485 1279 2527 vitium
1316 2498 1471 2528 sanam
1509 2485 1728 2546 excedens

150 2556 341 2602 mentem
379 2556 488 2615 quia
523 2555 710 2607 vitabat,
746 2554 885 2598 Latro
923 2552 1102 2613 egregia
1138 2551 1275 2596 laude
1313 2552 1477 2612 dignus
1509 2558 1589 2598 est.
1646 2554 1728 2599 Ille

148 2627 266 2671 enim
302 2626 422 2669 sicut
457 2625 504 2668 in
533 2626 738 2668 sermone
774 2630 898 2667 recta
935 2623 1027 2675 via,
1066 2621 1129 2665 sic
1165 2622 1212 2665 in
1248 2620 1504 2665 narratione
1541 2623 1730 2682 simplici

155 2710 332 2754 semper
357 2694 496 2739 modo
528 2693 751 2753 agendum
779 2699 905 2737 ratus
942 2706 1048 2743 rem,
1085 2691 1165 2735 ubi
1194 2690 1456 2766 ΨΜ),
1491 2692 1728 2745 tractabat,

153 2764 388 2823 qQ.⁶X
415 2779 563 2807 rerum
592 2769 755 2806 natura
785 2766 1036 2820 appareret,
1066 2760 1238 2804 nullum
1265 2760 1448 2804 texebat
1472 2760 1729 2809 artificium,

153 2831 269 2875 nihil
296 2832 497 2890 fingebat
533 2831 608 2875 vel
646 2830 955 2888 supponebat,
988 2827 1116 2887 quod
1143 2843 1291 2887 neque
1319 2829 1366 2871 in
1383 2830 1730 2883 controversiae

153 2899 350 2943 themate
379 2900 568 2951 inesset,
606 2913 755 2956 neque
789 2899 970 2941 omnino
1000 2896 1095 2940 nisi
1140 2896 1352 2941 inusitato
1397 2895 1535 2939 modo
1564 2896 1610 2939 in
1637 2911 1730 2940 rem
