1888 3090
866 208 930 261 16

398 501 518 569 sne
560 500 829 587 reliqua
867 501 1182 574 Latronis
1221 503 1408 570 vita·

223 627 293 675 De
321 628 497 688 reliqua
524 628 734 673 Latronis
766 628 858 672 vita
888 627 1000 672 nihil
1029 627 1121 672 fere
1151 630 1474 689 cognovimus.
1511 627 1683 684 Quieto

111 711 248 741 cursu
278 713 375 757 eam
406 699 653 757 peragebat
681 698 726 741 in
755 697 940 741 scholae
969 698 1129 741 umbra
1159 707 1203 742 et
1223 690 1475 745 studiorum
1495 696 1681 745 secreto,

114 765 237 808 unde
273 765 497 809 interdum
535 767 727 809 animum
771 765 1053 809 relaxaturus
1097 766 1141 826 in
1187 762 1397 811 finitimos
1434 772 1606 810 montes
1640 770 1687 817 et

98 833 251 896 'silvas
290 833 501 878 evolabat
544 832 599 878 cf.
640 835 742 878 Sen.
791 840 932 878 contr.
980 833 1012 880 L
1059 835 1199 892 praef.
1237 835 1306 878 64.
1382 835 1473 879 Sed
1516 832 1688 892 majora

113 903 244 944 etiam
274 903 431 945 itinera
454 917 564 944 ¹num
594 902 861 959 susceperit,
901 902 987 945 nisi
1018 901 1143 960 quod
1174 902 1496 962 aliquando-in
1525 902 1687 959 Hispa—

111 969 228 1014 niam
258 984 370 1016 eum,
387 969 638 1028 profectum
667 984 787 1022 esse,
826 976 994 1016 certum
1022 977 1110 1022 est,
1141 971 1364 1015 nescimus
1393 970 1450 1015 cf.
1471 977 1601 1030 contr
1613 967 1686 1021 *IV

121 1037 261 1095 praef.
292 1037 389 1081 266.
556 1045 558 1047 ’
1536 1039 1540 1041 ’
1620 1090 1624 1094 ᾗ

227 1106 289 1148 At
316 1105 523 1163 quamvis
553 1119 589 1148 a>
609 1106 702 1149 vita
722 1105 905 1164 publica
923 1105 1043 1151 esset
1062 1105 1356 1158 abalienatus,
1387 1104 1687 1165 potentissimi

112 1171 213 1233 illis¹
240 1173 517 1231 temporibus
560 1173 660 1224 viri,
691 1174 899 1232 Vipsanii
927 1176 1180 1233 Agrippae,
1220 1175 1312 1218 sibi,
1344 1174 1536 1226 contulit
1563 1174 1684 1228 iram.
1711 1213 1714 1216 .

113 1241 167 1285 In
196 1241 444 1285 litterarum
473 1242 589 1295 enim
618 1242 781 1287 studiis
812 1257 913 1286 cum
928 1236 1232 1301 ,imperatores
1257 1236 1544 1301 praesidium·
1568 1241 1689 1297 vide—

116 1317 217 1363 rent
254 1310 442 1369 imperii‚
489 1316 696 1355 avertens
733 1309 960 1355 hominum
998 1312 1169 1355 animos
1206 1327 1232 1354 a
1269 1297 1539 1374 respublica,
1578 1298 1689 1360 nihil

114 1379 343 1436 antiquius
373 1378 614 1429 habebant,
645 1393 778 1436 quam
808 1385 860 1423 ut
890 1379 1222 1438 quoquomodo·
1239 1394 1291 1423 ea
1302 1373 1530 1438 juvarent.
1553 1430 1556 1433 ³
1579 1378 1688 1429 Ideo

115 1446 387 1494 non‘solum
416 1447 505 1505 ipsi
533 1447 587 1489 iis
617 1447 860 1498 vacabant,
891 1447 1095 1505 exemplo
1125 1462 1217 1492 suo·
1239 1455 1412 1491 ceteros
1444 1442 1686 1497 adhortati,

116 1514 198 1557 sed
229 1515 329 1557 aliis
358 1515 487 1557 etiam
518 1513 732 1557 favebant
760 1514 972 1558 laudibus
1002 1522 1045 1558 et
1073 1514 1323 1558 honoribus
1353 1521 1583 1573 augentes,
1613 1514 1689 1570 ad-

111 1583 202 1641 juti
232 1597 284 1625 ea
314 1583 358 1625 in
388 1582 457 1632 re,
490 1582 568 1642 qui
598 1583 979 1643 opportunissime
1008 1583 1061 1627 iis
1092 1583 1255 1641 obtigit
1282 1583 1369 1641 illis
1400 1576 1689 1641 temporibus,

102 1650 426 1694 -recitationum
463 1666 597 1698 more.
657 1651 717 1694 Iis
746 1650 896 1695 multis
925 1650 1244 1702 interfuerunt,
1282 1649 1614 1696 descendebant
1641 1651 1695 1694 in

120 1718 345 1763 auditoria
383 1726 427 1763 et
456 1719 650 1771 scholas,
680 1735 828 1779 neque
857 1720 1046 1764 invitare
1076 1712 1255 1770 d'omum
1268 1721 1409 1765 'suam
1430 1720 1694 1777 recitaturos

120 1786 433 1845 repudiabant.
493 1788 597 1831 Hoc
625 1788 762 1831 modo
793 1789 924 1831 etiam
954 1787 1202 1846 Augustus,
1234 1788 1311 1846 qui
1340 1790 1454 1831 teste*
1474 1787 1692 1832 Suetonio

119 1856 235 1915 Aug.
266 1856 323 1900 89
360 1856 626 1907 „recitantes
656 1863 701 1900 et
729 1856 918 1915 benigne
957 1864 997 1900 et
1025 1856 1248 1918 patienter
1277 1855 1439 1907 audiit,
1480 1858 1562 1900 n'ec
1577 1862 1696 1909 „tane

119 1931 217 1968 tum
247 1925 444 1968 carmina
474 1931 518 1968 et
550 1925 783 1975 historias»,
815 1924 897 1968 sed
926 1930 971 1968 et
999 1925 1226 1969 orationes·
1257 1923 1577 1984 et.dialogos‚“
1605 1939 1697 1977 una

123 2008 226 2037 cum
256 1993 460 2051 Agrippa
480 1993 669 2052 ejusque
687 1992 790 2037 filiis
811 1992 860 2036 et'
876 1993 1135 2043 Maecenate
1154 1992 1365 2040 Latronis
1386 1992 1695 2037 declamationi

121 2062 135 2104 i
170 2061 343 2111 terfuit,
374 2076 473 2104 cum
504 2061 857 2105 contro-versiam
887 2060 1056 2104 diceret
1085 2060 1142 2104 de
1171 2067 1339 2119 nepote
1367 2060 1468 2103 hoc·
1488 2061 1695 2117 proposi-

125 2076 189 2196 ἕο
210 2128 424 2172 themate:
456 2129 795 2179 „Abdicavit
824 2127 1047 2187 quidam
1076 2128 1269 2172 filium.
1309 2128 1621 2172 abducatus
1640 2143 1698 2172 se

121 2197 367 2242 contulit
396 2197 464 2241 ad
494 2198 852 2242 meretricem:
883 2212 948 2240 ex
977 2192 1301 2240 ea'sustulit
1320 2196 1514 2242 filium.
1536 2211 1699 2256 aeger

120 2266 187 2310 ad
230 2272 435 2323 patrem
464 2265 619 2315 misit.
667 2280 782 2310 cum
811 2265 1085 2315 venisset,
1124 2264 1526 2313 commendavit
1555 2265 1600 2308 ei
1627 2265 1697 2309 fi·
1780 2262 1783 2263 ⁷

120 2334 250 2377 lium
280 2333 436 2377 s‘uum
465 2340 518 2377 et
547 2333 812 2377 decessit.
852 2313 1127 2397 adodavit
1156 2344 1394 2391 puerum.
1434 2332 1502 2375 ab
1521 2332 1698 2377 altero

120 2402 247 2445 filio
288 2408 592 2460 accusatur
620 2401 974 2446 dementiae.“
1042 2402 1192 2459 Atque
1221 2401 1267 2444 in
1295 2399 1384 2444 hae
1413 2400 1593 2459 quidem
1622 2401 1699 2445 de·
1723 2452 1735 2463 ἱ

126 2470 394 2514 clamatione
424 2471 673 2528 Agrippam
705 2470 909 2514 offendit.
960 2470 1111 2512 Locus
1145 2484 1249 2511 vero
1281 2468 1407 2526 apud
1436 2469 1538 2511 Sen.
1560 2472 1698 2514 contr.

127 2539 183 2581 11.
217 2538 282 2581 12.
318 2538 399 2580 170
428 2538 494 2581 ita
523 2533 766 2596 corruptus
796 2544 885 2589 est,
915 2544 967 2581 ut
988 2536 1219 2595 quomodo
1232 2537 1311 2579 'res
1340 2536 1547 2587 evenerit,
1576 2536 1702 2585 haud

124 2605 258 2650 facile
289 2611 414 2648 certo
446 2607 601 2663 possis
627 2620 794 2650 eruere.

237 2675 426 2733 Legitur
462 2675 528 2717 sic
567 2674 613 2717 in
651 2674 849 2718 editione
886 2674 1149 2733 Bipontina:
1188 2674 1239 2717 In
1277 2672 1365 2716 hac
1395 2675 1703 2721 controversia

127 2743 266 2786 Latro
306 2743 578 2787 contrariam
617 2734 708 2786 rem
740 2744 1075 2786 controversiae
1104 2741 1239 2793 dixit,
1271 2741 1359 2792 ,sed
1389 2743 1489 2786 sibi.
1547 2741 1703 2788 Decla-

125 2812 279 2855 mabat.
308 2812 430 2856 illam
450 2813 641 2856 Caesare
660 2812 870 2869 Augusto
891 2811 1101 2861 audiente
1115 2813 1144 2868 ¹)
1176 2812 1260 2868 et')
1291 2810 1544 2868 Agrippa‚⁸)
1575 2811 1703 2865 cuius

124 2880 256 2931 filios,
284 2886 472 2937 nepotes
501 2895 625 2930 suos,
657 2880 823 2924 Caesar
852 2880 1037 2923 Lucium
1068 2886 1112 2922 et
1142 2880 1331 2936 Cajum⁴)
1361 2878 1704 2943 adoptaturus&
