<?xml version="1.0" encoding="UTF-8"?>
<!DOCTYPE html PUBLIC "-//W3C//DTD XHTML 1.0 Transitional//EN"
    "http://www.w3.org/TR/xhtml1/DTD/xhtml1-transitional.dtd">
<html xmlns="http://www.w3.org/1999/xhtml" xml:lang="en" lang="en">
 <head>
  <title>
</title>
<meta http-equiv="Content-Type" content="text/html;charset=utf-8" />
  <meta name='ocr-system' content='tesseract 3.04.00' />
  <meta name='ocr-capabilities' content='ocr_page ocr_carea ocr_par ocr_line ocrx_word'/>
</head>
<body>
  <div class='ocr_page' id='page_1' title='image "./4627453_0036.png"; bbox 0 0 1888 3090; ppageno 0'>
   <div class='ocr_carea' id='block_1_1' title="bbox 159 1149 1729 2120">
    <p class='ocr_par' dir='ltr' id='par_1_1' title="bbox 164 1149 1726 1361">
     <span class='ocr_line' id='line_1_1' title="bbox 217 1149 1726 1231; baseline 0.005 -21"><span class='ocrx_word' id='word_1_1' title='bbox 217 1184 220 1187; x_wconf 95' lang='lat'>·</span> <span class='ocrx_word' id='word_1_2' title='bbox 279 1167 373 1211; x_wconf 89' lang='lat' dir='ltr'><strong>His</strong></span> <span class='ocrx_word' id='word_1_3' title='bbox 393 1153 647 1225; x_wconf 77' lang='lat' dir='ltr'>praemissis</span> <span class='ocrx_word' id='word_1_4' title='bbox 668 1167 764 1226; x_wconf 85' lang='lat' dir='ltr'><strong>J&#39;am</strong></span> <span class='ocrx_word' id='word_1_5' title='bbox 792 1162 1073 1226; x_wconf 82' lang='lat' dir='ltr'>aggredimur</span> <span class='ocrx_word' id='word_1_6' title='bbox 1100 1182 1194 1211; x_wconf 89' lang='lat' dir='ltr'><strong>eam</strong></span> <span class='ocrx_word' id='word_1_7' title='bbox 1226 1170 1384 1227; x_wconf 83' lang='lat' dir='ltr'><strong>operis·</strong></span> <span class='ocrx_word' id='word_1_8' title='bbox 1406 1149 1594 1229; x_wconf 79' lang='lat' dir='ltr'><strong>partem,</strong></span> <span class='ocrx_word' id='word_1_9' title='bbox 1633 1186 1726 1231; x_wconf 81' lang='lat' dir='ltr'><strong>qua</strong></span> 
     </span>
     <span class='ocr_line' id='line_1_2' title="bbox 166 1235 1726 1292; baseline 0.004 -14"><span class='ocrx_word' id='word_1_10' title='bbox 166 1249 298 1292; x_wconf 88' lang='lat' dir='ltr'><strong>quem</strong></span> <span class='ocrx_word' id='word_1_11' title='bbox 335 1236 480 1278; x_wconf 89' lang='lat' dir='ltr'><strong>locum</strong></span> <span class='ocrx_word' id='word_1_12' title='bbox 519 1235 658 1278; x_wconf 85' lang='lat' dir='ltr'>Latro</span> <span class='ocrx_word' id='word_1_13' title='bbox 696 1235 887 1285; x_wconf 87' lang='lat' dir='ltr'><strong>tenuerit</strong></span> <span class='ocrx_word' id='word_1_14' title='bbox 923 1243 968 1279; x_wconf 87' lang='lat' dir='ltr'><strong>et</strong></span> <span class='ocrx_word' id='word_1_15' title='bbox 1002 1237 1049 1278; x_wconf 90' lang='lat' dir='ltr'><strong>in</strong></span> <span class='ocrx_word' id='word_1_16' title='bbox 1080 1236 1342 1280; x_wconf 84' lang='lat' dir='ltr'><strong>rhetoribus</strong></span> <span class='ocrx_word' id='word_1_17' title='bbox 1375 1243 1425 1280; x_wconf 89' lang='lat' dir='ltr'><strong>et</strong></span> <span class='ocrx_word' id='word_1_18' title='bbox 1459 1241 1668 1283; x_wconf 84' lang='lat' dir='ltr'><strong>omnino</strong></span> <span class='ocrx_word' id='word_1_19' title='bbox 1670 1241 1726 1285; x_wconf 87' lang='lat' dir='ltr'><strong>in</strong></span> 
     </span>
     <span class='ocr_line' id='line_1_3' title="bbox 164 1302 1475 1361; baseline 0.002 -16"><span class='ocrx_word' id='word_1_20' title='bbox 164 1302 323 1346; x_wconf 86' lang='lat' dir='ltr'><strong>litteris</strong></span> <span class='ocrx_word' id='word_1_21' title='bbox 351 1303 561 1346; x_wconf 86' lang='lat' dir='ltr'><strong>Romanis</strong></span> <span class='ocrx_word' id='word_1_22' title='bbox 593 1318 693 1361; x_wconf 90' lang='lat' dir='ltr'><strong>pro</strong></span> <span class='ocrx_word' id='word_1_23' title='bbox 707 1303 874 1346; x_wconf 84' lang='lat' dir='ltr'><strong>viribus</strong></span> <span class='ocrx_word' id='word_1_24' title='bbox 902 1305 1069 1347; x_wconf 75' lang='lat' dir='ltr'><strong>nostris</strong></span> <span class='ocrx_word' id='word_1_25' title='bbox 1099 1304 1415 1357; x_wconf 80' lang='lat' dir='ltr'><strong>describamus.</strong></span> <span class='ocrx_word' id='word_1_26' title='bbox 1470 1350 1475 1354; x_wconf 76' lang='grc'>,</span> 
     </span>
    </p>

    <p class='ocr_par' dir='ltr' id='par_1_2' title="bbox 162 1363 1729 2115">
     <span class='ocr_line' id='line_1_4' title="bbox 225 1363 1726 1443; baseline 0.003 -30"><span class='ocrx_word' id='word_1_27' title='bbox 225 1392 229 1396; x_wconf 93' lang='grc'>-</span> <span class='ocrx_word' id='word_1_28' title='bbox 278 1371 316 1414; x_wconf 92' lang='lat'><strong>1.</strong></span> <span class='ocrx_word' id='word_1_29' title='bbox 377 1370 693 1428; x_wconf 86' lang='lat' dir='ltr'><strong>Opportunum</strong></span> <span class='ocrx_word' id='word_1_30' title='bbox 723 1366 869 1414; x_wconf 86' lang='lat' dir='ltr'><strong>autem</strong></span> <span class='ocrx_word' id='word_1_31' title='bbox 898 1371 1074 1415; x_wconf 85' lang='lat' dir='ltr'><strong>videtur</strong></span> <span class='ocrx_word' id='word_1_32' title='bbox 1090 1367 1278 1429; x_wconf 88' lang='lat' dir='ltr'><strong>primum</strong></span> <span class='ocrx_word' id='word_1_33' title='bbox 1308 1368 1540 1443; x_wconf 78' lang='lat' dir='ltr'><strong>quaerere,</strong></span> <span class='ocrx_word' id='word_1_34' title='bbox 1564 1363 1726 1432; x_wconf 83' lang='lat' dir='ltr'><strong>aequa-</strong></span> 
     </span>
     <span class='ocr_line' id='line_1_5' title="bbox 162 1437 1727 1497; baseline 0.004 -16"><span class='ocrx_word' id='word_1_35' title='bbox 162 1437 227 1481; x_wconf 93' lang='lat' dir='ltr'><strong>les</strong></span> <span class='ocrx_word' id='word_1_36' title='bbox 257 1438 487 1496; x_wconf 82' lang='lat' dir='ltr'><strong>quomodo</strong></span> <span class='ocrx_word' id='word_1_37' title='bbox 518 1438 575 1482; x_wconf 90' lang='lat' dir='ltr'><strong>de</strong></span> <span class='ocrx_word' id='word_1_38' title='bbox 601 1439 799 1483; x_wconf 82' lang='lat' dir='ltr'><strong>Latrone</strong></span> <span class='ocrx_word' id='word_1_39' title='bbox 820 1439 1140 1497; x_wconf 85' lang='lat' dir='ltr'><strong>judicaverint:</strong></span> <span class='ocrx_word' id='word_1_40' title='bbox 1174 1440 1279 1483; x_wconf 89' lang='lat' dir='ltr'><strong>inde</strong></span> <span class='ocrx_word' id='word_1_41' title='bbox 1304 1440 1505 1496; x_wconf 85' lang='lat' dir='ltr'><strong>normam</strong></span> <span class='ocrx_word' id='word_1_42' title='bbox 1531 1441 1727 1487; x_wconf 84' lang='lat' dir='ltr'><strong>fortasse</strong></span> 
     </span>
     <span class='ocr_line' id='line_1_6' title="bbox 163 1506 1729 1565; baseline 0.003 -16"><span class='ocrx_word' id='word_1_43' title='bbox 163 1506 440 1557; x_wconf 82' lang='lat' dir='ltr'><strong>habebimus,</strong></span> <span class='ocrx_word' id='word_1_44' title='bbox 471 1521 574 1565; x_wconf 89' lang='lat' dir='ltr'><strong>qua,</strong></span> <span class='ocrx_word' id='word_1_45' title='bbox 606 1522 723 1565; x_wconf 85' lang='lat' dir='ltr'><strong>quae</strong></span> <span class='ocrx_word' id='word_1_46' title='bbox 742 1508 877 1553; x_wconf 83' lang='lat' dir='ltr'><strong>solus</strong></span> <span class='ocrx_word' id='word_1_47' title='bbox 906 1507 1076 1552; x_wconf 82' lang='lat' dir='ltr'><strong>Seneca</strong></span> <span class='ocrx_word' id='word_1_48' title='bbox 1104 1507 1161 1551; x_wconf 91' lang='lat' dir='ltr'><strong>de</strong></span> <span class='ocrx_word' id='word_1_49' title='bbox 1191 1508 1287 1565; x_wconf 87' lang='lat' dir='ltr'><strong>ejus</strong></span> <span class='ocrx_word' id='word_1_50' title='bbox 1308 1506 1632 1557; x_wconf 82' lang='lat' dir='ltr'><strong>declamatoria</strong></span> <span class='ocrx_word' id='word_1_51' title='bbox 1658 1524 1729 1554; x_wconf 54' lang='lat' dir='ltr'><strong>ra*</strong></span> 
     </span>
     <span class='ocr_line' id='line_1_7' title="bbox 159 1574 1728 1644; baseline 0.003 -26.008"><span class='ocrx_word' id='word_1_52' title='bbox 159 1574 284 1618; x_wconf 80' lang='lat' dir='ltr'><strong>tione</strong></span> <span class='ocrx_word' id='word_1_53' title='bbox 319 1574 506 1619; x_wconf 84' lang='lat' dir='ltr'><strong>tradidit</strong></span> <span class='ocrx_word' id='word_1_54' title='bbox 554 1576 819 1635; x_wconf 88' lang='lat' dir='ltr'><strong>probemus.·</strong></span> <span class='ocrx_word' id='word_1_55' title='bbox 885 1575 987 1629; x_wconf 82' lang='lat' dir='ltr'><strong>Qua</strong></span> <span class='ocrx_word' id='word_1_56' title='bbox 1030 1576 1076 1618; x_wconf 90' lang='lat' dir='ltr'><strong>in</strong></span> <span class='ocrx_word' id='word_1_57' title='bbox 1113 1590 1161 1618; x_wconf 87' lang='lat' dir='ltr'><strong>re</strong></span> <span class='ocrx_word' id='word_1_58' title='bbox 1198 1576 1484 1644; x_wconf 82' lang='lat' dir='ltr'><strong>cogitandum</strong></span> <span class='ocrx_word' id='word_1_59' title='bbox 1519 1578 1728 1640; x_wconf 74' lang='lat' dir='ltr'><strong>magnum</strong></span> 
     </span>
     <span class='ocr_line' id='line_1_8' title="bbox 164 1633 1728 1708; baseline 0.003 -22"><span class='ocrx_word' id='word_1_60' title='bbox 164 1643 281 1686; x_wconf 87' lang='lat' dir='ltr'><strong>inter</strong></span> <span class='ocrx_word' id='word_1_61' title='bbox 307 1642 528 1695; x_wconf 81' lang='lat' dir='ltr'><strong>forensem</strong></span> <span class='ocrx_word' id='word_1_62' title='bbox 559 1650 604 1688; x_wconf 89' lang='lat' dir='ltr'><strong>et</strong></span> <span class='ocrx_word' id='word_1_63' title='bbox 631 1643 945 1688; x_wconf 86' lang='lat' dir='ltr'><strong>scholasticam</strong></span> <span class='ocrx_word' id='word_1_64' title='bbox 975 1633 1271 1702; x_wconf 86' lang='lat' dir='ltr'><strong>eloquentiam</strong></span> <span class='ocrx_word' id='word_1_65' title='bbox 1308 1644 1563 1708; x_wconf 83' lang='lat' dir='ltr'><strong>discrimen:</strong></span> <span class='ocrx_word' id='word_1_66' title='bbox 1602 1644 1728 1703; x_wconf 84' lang='lat' dir='ltr'><strong>aliud</strong></span> 
     </span>
     <span class='ocr_line' id='line_1_9' title="bbox 166 1711 1728 1772; baseline 0.003 -17"><span class='ocrx_word' id='word_1_67' title='bbox 166 1711 376 1755; x_wconf 88' lang='lat' dir='ltr'><strong>iudicium</strong></span> <span class='ocrx_word' id='word_1_68' title='bbox 415 1713 507 1756; x_wconf 88' lang='lat' dir='ltr'><strong>erit</strong></span> <span class='ocrx_word' id='word_1_69' title='bbox 534 1714 746 1765; x_wconf 87' lang='lat' dir='ltr'><strong>oratoris,</strong></span> <span class='ocrx_word' id='word_1_70' title='bbox 786 1712 911 1757; x_wconf 89' lang='lat' dir='ltr'><strong>aliud</strong></span> <span class='ocrx_word' id='word_1_71' title='bbox 939 1711 1141 1757; x_wconf 89' lang='lat' dir='ltr'><strong>rhetoris.</strong></span> <span class='ocrx_word' id='word_1_72' title='bbox 1200 1714 1361 1772; x_wconf 88' lang='lat' dir='ltr'><strong>Itaque</strong></span> <span class='ocrx_word' id='word_1_73' title='bbox 1390 1714 1429 1757; x_wconf 92' lang='lat' dir='ltr'><strong>si</strong></span> <span class='ocrx_word' id='word_1_74' title='bbox 1458 1714 1516 1758; x_wconf 83' lang='lat' dir='ltr'><strong>ab·</strong></span> <span class='ocrx_word' id='word_1_75' title='bbox 1542 1715 1728 1772; x_wconf 80' lang='lat' dir='ltr'><strong>oratore</strong></span> 
     </span>
     <span class='ocr_line' id='line_1_10' title="bbox 165 1776 1729 1842; baseline 0.001 -17"><span class='ocrx_word' id='word_1_76' title='bbox 165 1776 443 1840; x_wconf 81' lang='lat' dir='ltr'><strong>incipiamus,</strong></span> <span class='ocrx_word' id='word_1_77' title='bbox 472 1782 670 1839; x_wconf 78' lang='lat' dir='ltr'><strong>Messala</strong></span> <span class='ocrx_word' id='word_1_78' title='bbox 700 1776 916 1833; x_wconf 81' lang='lat' dir='ltr'><strong>occurrit,</strong></span> <span class='ocrx_word' id='word_1_79' title='bbox 949 1783 1015 1825; x_wconf 87' lang='lat' dir='ltr'><strong>vir</strong></span> <span class='ocrx_word' id='word_1_80' title='bbox 1043 1781 1310 1830; x_wconf 83' lang='lat' dir='ltr'><strong>exactissimi</strong></span> <span class='ocrx_word' id='word_1_81' title='bbox 1336 1782 1523 1842; x_wconf 86' lang='lat' dir='ltr'><strong>ingenii,</strong></span> <span class='ocrx_word' id='word_1_82' title='bbox 1549 1784 1607 1842; x_wconf 77' lang='lat' dir='ltr'><strong>&#39;in</strong></span> <span class='ocrx_word' id='word_1_83' title='bbox 1622 1798 1729 1834; x_wconf 48' lang='lat' dir='ltr'><strong>,om-</strong></span> 
     </span>
     <span class='ocr_line' id='line_1_11' title="bbox 166 1845 1727 1910; baseline 0.002 -17"><span class='ocrx_word' id='word_1_84' title='bbox 166 1865 246 1893; x_wconf 87' lang='lat' dir='ltr'><strong>nes</strong></span> <span class='ocrx_word' id='word_1_85' title='bbox 275 1856 436 1908; x_wconf 25' lang='lat' dir='ltr'><strong>part-es&gt;</strong></span> <span class='ocrx_word' id='word_1_86' title='bbox 456 1850 603 1894; x_wconf 83' lang='lat' dir='ltr'><strong>Latini</strong></span> <span class='ocrx_word' id='word_1_87' title='bbox 631 1852 789 1909; x_wconf 87' lang='lat' dir='ltr'><strong>utique</strong></span> <span class='ocrx_word' id='word_1_88' title='bbox 818 1851 1038 1894; x_wconf 83' lang='lat' dir='ltr'><strong>sermonis</strong></span> <span class='ocrx_word' id='word_1_89' title='bbox 1071 1845 1336 1894; x_wconf 85' lang='lat' dir='ltr'><strong>observator</strong></span> <span class='ocrx_word' id='word_1_90' title='bbox 1349 1849 1727 1910; x_wconf 79' lang='lat' dir='ltr'><strong>diligentissimus</strong></span> 
     </span>
     <span class='ocr_line' id='line_1_12' title="bbox 168 1917 1728 1981; baseline 0.001 -20"><span class='ocrx_word' id='word_1_91' title='bbox 168 1918 239 1973; x_wconf 86' lang='lat' dir='ltr'><strong>(cf.</strong></span> <span class='ocrx_word' id='word_1_92' title='bbox 271 1919 440 1964; x_wconf 85' lang='lat' dir='ltr'><strong>Seneca</strong></span> <span class='ocrx_word' id='word_1_93' title='bbox 477 1924 618 1961; x_wconf 90' lang='lat' dir='ltr'><strong>contr.</strong></span> <span class='ocrx_word' id='word_1_94' title='bbox 644 1920 711 1962; x_wconf 84' lang='grc' dir='ltr'><strong>-Π,</strong></span> <span class='ocrx_word' id='word_1_95' title='bbox 752 1919 817 1961; x_wconf 81' lang='lat'><strong>12.</strong></span> <span class='ocrx_word' id='word_1_96' title='bbox 858 1919 969 1974; x_wconf 87' lang='grc'>171),</span> <span class='ocrx_word' id='word_1_97' title='bbox 1008 1925 1069 1961; x_wconf 62' lang='lat' dir='ltr'><strong>et&gt;</strong></span> <span class='ocrx_word' id='word_1_98' title='bbox 1090 1920 1319 1981; x_wconf 79' lang='lat' dir='ltr'><strong>quamvis</strong></span> <span class='ocrx_word' id='word_1_99' title='bbox 1330 1918 1543 1962; x_wconf 86' lang='lat' dir='ltr'><strong>Cicerone</strong></span> <span class='ocrx_word' id='word_1_100' title='bbox 1580 1917 1728 1963; x_wconf 73' lang='lat' dir='ltr'><strong>mitior</strong></span> 
     </span>
     <span class='ocr_line' id='line_1_13' title="bbox 167 1982 1726 2057; baseline 0.001 -27"><span class='ocrx_word' id='word_1_101' title='bbox 167 1992 212 2030; x_wconf 88' lang='lat' dir='ltr'><strong>et</strong></span> <span class='ocrx_word' id='word_1_102' title='bbox 240 1986 415 2029; x_wconf 84' lang='lat' dir='ltr'><strong>dulcior</strong></span> <span class='ocrx_word' id='word_1_103' title='bbox 444 1992 581 2047; x_wconf 88' lang='lat' dir='ltr'><strong>atque</strong></span> <span class='ocrx_word' id='word_1_104' title='bbox 608 1987 653 2029; x_wconf 89' lang='lat' dir='ltr'><strong>in</strong></span> <span class='ocrx_word' id='word_1_105' title='bbox 674 1986 822 2029; x_wconf 87' lang='lat' dir='ltr'><strong>verbis</strong></span> <span class='ocrx_word' id='word_1_106' title='bbox 841 1986 980 2044; x_wconf 88' lang='lat' dir='ltr'><strong>magis</strong></span> <span class='ocrx_word' id='word_1_107' title='bbox 1001 1985 1259 2031; x_wconf 87' lang='lat' dir='ltr'><strong>elaboratus</strong></span> <span class='ocrx_word' id='word_1_108' title='bbox 1288 1987 1359 2045; x_wconf 89' lang='lat' dir='ltr'><strong>(cf.</strong></span> <span class='ocrx_word' id='word_1_109' title='bbox 1383 1987 1492 2035; x_wconf 86' lang='lat' dir='ltr'><strong>Tac.</strong></span> <span class='ocrx_word' id='word_1_110' title='bbox 1513 1982 1617 2033; x_wconf 80' lang='lat' dir='ltr'><strong>dial</strong></span> <span class='ocrx_word' id='word_1_111' title='bbox 1639 1987 1726 2057; x_wconf 88' lang='lat'>18),</span> 
     </span>
     <span class='ocr_line' id='line_1_14' title="bbox 166 2053 1727 2120; baseline 0 -21"><span class='ocrx_word' id='word_1_112' title='bbox 166 2054 327 2115; x_wconf 85' lang='lat' dir='ltr'><strong>dignae</strong></span> <span class='ocrx_word' id='word_1_113' title='bbox 355 2055 588 2106; x_wconf 79' lang='lat' dir='ltr'><strong>ora-tionis,</strong></span> <span class='ocrx_word' id='word_1_114' title='bbox 620 2055 766 2113; x_wconf 91' lang='lat' dir='ltr'><strong>qualis</strong></span> <span class='ocrx_word' id='word_1_115' title='bbox 794 2054 918 2097; x_wconf 91' lang='lat' dir='ltr'><strong>fuit</strong></span> <span class='ocrx_word' id='word_1_116' title='bbox 906 2070 951 2098; x_wconf 91' lang='grc' dir='ltr'><strong>ιιι</strong></span> <span class='ocrx_word' id='word_1_117' title='bbox 981 2053 1231 2112; x_wconf 88' lang='lat' dir='ltr'><strong>republica,</strong></span> <span class='ocrx_word' id='word_1_118' title='bbox 1270 2063 1373 2099; x_wconf 87' lang='lat' dir='ltr'><strong>ante</strong></span> <span class='ocrx_word' id='word_1_119' title='bbox 1410 2057 1559 2104; x_wconf 84' lang='lat' dir='ltr'><strong>omnia</strong></span> <span class='ocrx_word' id='word_1_120' title='bbox 1587 2070 1727 2120; x_wconf 86' lang='lat' dir='ltr'><strong>appe</strong></span> 
     </span>
    </p>
   </div>
   <div class='ocr_carea' id='block_1_2' title="bbox 100 2117 1734 2176">
    <p class='ocr_par' dir='ltr' id='par_1_3' title="bbox 100 2117 1734 2176">
     <span class='ocr_line' id='line_1_15' title="bbox 100 2117 1734 2176; baseline -0.001 -7"><span class='ocrx_word' id='word_1_121' title='bbox 100 2127 107 2136; x_wconf 85' lang='lat'>&#39;</span> <span class='ocrx_word' id='word_1_122' title='bbox 164 2130 279 2176; x_wconf 83' lang='lat' dir='ltr'><strong>tens,</strong></span> <span class='ocrx_word' id='word_1_123' title='bbox 309 2122 676 2168; x_wconf 85' lang='lat' dir='ltr'><strong>scholasticorum</strong></span> <span class='ocrx_word' id='word_1_124' title='bbox 705 2124 830 2167; x_wconf 92' lang='lat' dir='ltr'><strong>molli</strong></span> <span class='ocrx_word' id='word_1_125' title='bbox 859 2128 903 2166; x_wconf 90' lang='lat' dir='ltr'><strong>et</strong></span> <span class='ocrx_word' id='word_1_126' title='bbox 931 2123 1172 2167; x_wconf 88' lang='lat' dir='ltr'><strong>artificioso</strong></span> <span class='ocrx_word' id='word_1_127' title='bbox 1202 2125 1395 2168; x_wconf 88' lang='lat' dir='ltr'><strong>sermoni</strong></span> <span class='ocrx_word' id='word_1_128' title='bbox 1428 2125 1656 2176; x_wconf 80' lang='lat' dir='ltr'><strong>inimicus</strong></span> <span class='ocrx_word' id='word_1_129' title='bbox 1668 2117 1725 2168; x_wconf 89' lang='lat' dir='ltr'><strong>cf.</strong></span> <span class='ocrx_word' id='word_1_130' title='bbox 1731 2140 1734 2142; x_wconf 89' lang='lat'>·</span> 
     </span>
    </p>
   </div>
   <div class='ocr_carea' id='block_1_3' title="bbox 156 2189 1764 2525">
    <p class='ocr_par' dir='ltr' id='par_1_4' title="bbox 156 2189 1764 2525">
     <span class='ocr_line' id='line_1_16' title="bbox 162 2189 1728 2250; baseline 0 -14"><span class='ocrx_word' id='word_1_131' title='bbox 162 2193 319 2246; x_wconf 79' lang='lat' dir='ltr'><strong>Quint.</strong></span> <span class='ocrx_word' id='word_1_132' title='bbox 349 2193 450 2240; x_wconf 88' lang='grc' dir='ltr'><strong>ΧΠ.</strong></span> <span class='ocrx_word' id='word_1_133' title='bbox 491 2193 556 2242; x_wconf 87' lang='grc'><strong>10.</strong></span> <span class='ocrx_word' id='word_1_134' title='bbox 597 2193 670 2244; x_wconf 93' lang='grc'><strong>11,</strong></span> <span class='ocrx_word' id='word_1_135' title='bbox 708 2193 947 2236; x_wconf 86' lang='lat' dir='ltr'><strong>Westerm.</strong></span> <span class='ocrx_word' id='word_1_136' title='bbox 984 2193 1039 2235; x_wconf 93' lang='lat' dir='ltr'><strong>II.</strong></span> <span class='ocrx_word' id='word_1_137' title='bbox 1070 2192 1168 2236; x_wconf 82' lang='lat'>214.</span> <span class='ocrx_word' id='word_1_138' title='bbox 1225 2193 1270 2235; x_wconf 92' lang='lat' dir='ltr'><strong>Is</strong></span> <span class='ocrx_word' id='word_1_139' title='bbox 1299 2189 1404 2236; x_wconf 86' lang='lat' dir='ltr'><strong>num</strong></span> <span class='ocrx_word' id='word_1_140' title='bbox 1412 2194 1728 2250; x_wconf 76' lang='lat' dir='ltr'><strong>comprobare</strong></span> 
     </span>
     <span class='ocr_line' id='line_1_17' title="bbox 166 2253 1763 2322; baseline 0.001 -18"><span class='ocrx_word' id='word_1_141' title='bbox 166 2261 318 2319; x_wconf 86' lang='lat' dir='ltr'><strong>potuit</strong></span> <span class='ocrx_word' id='word_1_142' title='bbox 344 2253 597 2312; x_wconf 88' lang='lat' dir='ltr'><strong>Latronem,</strong></span> <span class='ocrx_word' id='word_1_143' title='bbox 626 2260 731 2305; x_wconf 92' lang='lat' dir='ltr'><strong>licet</strong></span> <span class='ocrx_word' id='word_1_144' title='bbox 747 2261 962 2322; x_wconf 85' lang='lat' dir='ltr'><strong>egregius</strong></span> <span class='ocrx_word' id='word_1_145' title='bbox 992 2259 1126 2305; x_wconf 85' lang='lat' dir='ltr'><strong>fuerit</strong></span> <span class='ocrx_word' id='word_1_146' title='bbox 1152 2261 1269 2305; x_wconf 90' lang='lat' dir='ltr'><strong>inter</strong></span> <span class='ocrx_word' id='word_1_147' title='bbox 1288 2267 1474 2313; x_wconf 89' lang='lat' dir='ltr'><strong>ceteros‚·</strong></span> <span class='ocrx_word' id='word_1_148' title='bbox 1503 2260 1727 2308; x_wconf 87' lang='lat' dir='ltr'><strong>rhetorem</strong></span> <span class='ocrx_word' id='word_1_149' title='bbox 1761 2279 1763 2281; x_wconf 90' lang='lat'>·</span> 
     </span>
     <span class='ocr_line' id='line_1_18' title="bbox 166 2322 1764 2388; baseline -0.001 -15"><span class='ocrx_word' id='word_1_150' title='bbox 166 2336 317 2374; x_wconf 89' lang='lat' dir='ltr'><strong>tamen</strong></span> <span class='ocrx_word' id='word_1_151' title='bbox 346 2344 394 2372; x_wconf 90' lang='lat' dir='ltr'><strong>se</strong></span> <span class='ocrx_word' id='word_1_152' title='bbox 424 2329 733 2388; x_wconf 79' lang='lat' dir='ltr'><strong>profitentem?</strong></span> <span class='ocrx_word' id='word_1_153' title='bbox 776 2329 1039 2380; x_wconf 89' lang='lat' dir='ltr'><strong>Laudabat,</strong></span> <span class='ocrx_word' id='word_1_154' title='bbox 1074 2328 1200 2387; x_wconf 92' lang='lat' dir='ltr'><strong>quod</strong></span> <span class='ocrx_word' id='word_1_155' title='bbox 1235 2329 1370 2373; x_wconf 89' lang='lat' dir='ltr'><strong>laude</strong></span> <span class='ocrx_word' id='word_1_156' title='bbox 1389 2329 1590 2388; x_wconf 70' lang='lat' dir='ltr'><strong>dignum</strong></span> <span class='ocrx_word' id='word_1_157' title='bbox 1619 2331 1726 2387; x_wconf 84' lang='lat' dir='ltr'><strong>erat,</strong></span> <span class='ocrx_word' id='word_1_158' title='bbox 1760 2322 1764 2326; x_wconf 56' lang='grc'><strong>”</strong></span> 
     </span>
     <span class='ocr_line' id='line_1_19' title="bbox 167 2390 1725 2457; baseline 0.001 -15"><span class='ocrx_word' id='word_1_159' title='bbox 167 2390 404 2457; x_wconf 79' lang='lat' dir='ltr'><strong>ingenium,</strong></span> <span class='ocrx_word' id='word_1_160' title='bbox 435 2398 732 2457; x_wconf 86' lang='lat' dir='ltr'><strong>vituperabat,</strong></span> <span class='ocrx_word' id='word_1_161' title='bbox 763 2397 889 2456; x_wconf 91' lang='lat' dir='ltr'><strong>quod</strong></span> <span class='ocrx_word' id='word_1_162' title='bbox 916 2398 1064 2455; x_wconf 90' lang='lat' dir='ltr'><strong>ipsum</strong></span> <span class='ocrx_word' id='word_1_163' title='bbox 1093 2397 1368 2453; x_wconf 85' lang='lat' dir='ltr'><strong>offendebat,</strong></span> <span class='ocrx_word' id='word_1_164' title='bbox 1386 2408 1645 2448; x_wconf 84' lang='lat' dir='ltr'><strong>sermonem</strong></span> <span class='ocrx_word' id='word_1_165' title='bbox 1669 2393 1725 2444; x_wconf 72' lang='lat' dir='ltr'><strong>cf.</strong></span> 
     </span>
     <span class='ocr_line' id='line_1_20' title="bbox 156 2466 1476 2525; baseline -0.002 -13"><span class='ocrx_word' id='word_1_166' title='bbox 156 2468 270 2521; x_wconf 77' lang='lat' dir='ltr'><strong>Sca.</strong></span> <span class='ocrx_word' id='word_1_167' title='bbox 302 2474 444 2512; x_wconf 86' lang='lat' dir='ltr'><strong>contr.</strong></span> <span class='ocrx_word' id='word_1_168' title='bbox 473 2468 529 2512; x_wconf 92' lang='grc' dir='ltr'><strong>Π.</strong></span> <span class='ocrx_word' id='word_1_169' title='bbox 563 2467 628 2511; x_wconf 83' lang='grc'>12.</span> <span class='ocrx_word' id='word_1_170' title='bbox 662 2467 756 2512; x_wconf 85' lang='grc'>171.</span> <span class='ocrx_word' id='word_1_171' title='bbox 815 2466 936 2519; x_wconf 86' lang='lat' dir='ltr'><strong>„Sua</strong></span> <span class='ocrx_word' id='word_1_172' title='bbox 962 2466 1115 2525; x_wconf 82' lang='lat' dir='ltr'><strong>lingua</strong></span> <span class='ocrx_word' id='word_1_173' title='bbox 1143 2466 1351 2510; x_wconf 86' lang='lat' dir='ltr'><strong>disertus</strong></span> <span class='ocrx_word' id='word_1_174' title='bbox 1367 2472 1476 2510; x_wconf 85' lang='lat' dir='ltr'><strong>est.“</strong></span> 
     </span>
    </p>
   </div>
   <div class='ocr_carea' id='block_1_4' title="bbox 283 2522 1804 2594">
    <p class='ocr_par' dir='ltr' id='par_1_5' title="bbox 283 2522 1804 2594">
     <span class='ocr_line' id='line_1_21' title="bbox 283 2522 1804 2594; baseline -0.003 -14"><span class='ocrx_word' id='word_1_175' title='bbox 283 2536 372 2580; x_wconf 89' lang='lat' dir='ltr'><strong>Sed</strong></span> <span class='ocrx_word' id='word_1_176' title='bbox 410 2524 489 2594; x_wconf 90' lang='lat' dir='ltr'><strong>qui</strong></span> <span class='ocrx_word' id='word_1_177' title='bbox 526 2542 570 2580; x_wconf 92' lang='lat' dir='ltr'><strong>et</strong></span> <span class='ocrx_word' id='word_1_178' title='bbox 596 2536 684 2594; x_wconf 91' lang='lat' dir='ltr'><strong>ipsi</strong></span> <span class='ocrx_word' id='word_1_179' title='bbox 701 2522 933 2579; x_wconf 82' lang='lat' dir='ltr'><strong>rhetoricis</strong></span> <span class='ocrx_word' id='word_1_180' title='bbox 953 2534 1112 2577; x_wconf 90' lang='lat' dir='ltr'><strong>studiis</strong></span> <span class='ocrx_word' id='word_1_181' title='bbox 1132 2534 1485 2586; x_wconf 88' lang='lat' dir='ltr'><strong>oblectabantur,</strong></span> <span class='ocrx_word' id='word_1_182' title='bbox 1515 2534 1613 2577; x_wconf 87' lang='lat' dir='ltr'><strong>suis</strong></span> <span class='ocrx_word' id='word_1_183' title='bbox 1627 2548 1728 2583; x_wconf 84' lang='lat' dir='ltr'><strong>eum</strong></span> <span class='ocrx_word' id='word_1_184' title='bbox 1802 2536 1804 2538; x_wconf 80' lang='grc'><strong>’</strong></span> 
     </span>
    </p>
   </div>
   <div class='ocr_carea' id='block_1_5' title="bbox 168 2604 1729 2871">
    <p class='ocr_par' dir='ltr' id='par_1_6' title="bbox 168 2604 1729 2871">
     <span class='ocr_line' id='line_1_22' title="bbox 169 2604 1729 2670; baseline -0.001 -22"><span class='ocrx_word' id='word_1_185' title='bbox 169 2605 457 2650; x_wconf 76' lang='lat' dir='ltr'><strong>cumulabant</strong></span> <span class='ocrx_word' id='word_1_186' title='bbox 473 2605 697 2649; x_wconf 79' lang='lat' dir='ltr'><strong>laudibus.</strong></span> <span class='ocrx_word' id='word_1_187' title='bbox 755 2604 849 2649; x_wconf 78' lang='lat' dir='ltr'><strong>Vix</strong></span> <span class='ocrx_word' id='word_1_188' title='bbox 874 2605 1086 2670; x_wconf 83' lang='lat' dir='ltr'><strong>majorem</strong></span> <span class='ocrx_word' id='word_1_189' title='bbox 1116 2604 1338 2661; x_wconf 86' lang='lat' dir='ltr'><strong>quispiam</strong></span> <span class='ocrx_word' id='word_1_190' title='bbox 1366 2609 1596 2661; x_wconf 87' lang='lat' dir='ltr'><strong>reportare</strong></span> <span class='ocrx_word' id='word_1_191' title='bbox 1623 2618 1729 2661; x_wconf 91' lang='lat' dir='ltr'><strong>pos-</strong></span> 
     </span>
     <span class='ocr_line' id='line_1_23' title="bbox 170 2666 1729 2732; baseline -0.001 -14"><span class='ocrx_word' id='word_1_192' title='bbox 170 2674 230 2718; x_wconf 91' lang='lat' dir='ltr'><strong>sit</strong></span> <span class='ocrx_word' id='word_1_193' title='bbox 256 2674 349 2725; x_wconf 90' lang='lat' dir='ltr'><strong>illo,</strong></span> <span class='ocrx_word' id='word_1_194' title='bbox 371 2688 502 2732; x_wconf 89' lang='lat' dir='ltr'><strong>quem</strong></span> <span class='ocrx_word' id='word_1_195' title='bbox 521 2674 690 2718; x_wconf 88' lang='lat' dir='ltr'><strong>Seneca</strong></span> <span class='ocrx_word' id='word_1_196' title='bbox 719 2674 877 2731; x_wconf 90' lang='lat' dir='ltr'><strong>(contr.</strong></span> <span class='ocrx_word' id='word_1_197' title='bbox 897 2666 976 2717; x_wconf 80' lang='lat' dir='ltr'><strong>IV.</strong></span> <span class='ocrx_word' id='word_1_198' title='bbox 997 2671 1135 2731; x_wconf 89' lang='lat' dir='ltr'><strong>praef.</strong></span> <span class='ocrx_word' id='word_1_199' title='bbox 1155 2671 1255 2726; x_wconf 78' lang='lat'><strong>266)</strong></span> <span class='ocrx_word' id='word_1_200' title='bbox 1285 2672 1634 2716; x_wconf 75' lang='lat' dir='ltr'><strong>declamatorIae</strong></span> <span class='ocrx_word' id='word_1_201' title='bbox 1643 2672 1729 2716; x_wconf 83' lang='lat' dir='ltr'><strong>vir-</strong></span> 
     </span>
     <span class='ocr_line' id='line_1_24' title="bbox 168 2740 1727 2801; baseline -0.001 -14"><span class='ocrx_word' id='word_1_202' title='bbox 168 2744 279 2788; x_wconf 90' lang='lat' dir='ltr'><strong>tutis</strong></span> <span class='ocrx_word' id='word_1_203' title='bbox 307 2742 490 2786; x_wconf 91' lang='lat' dir='ltr'><strong>unicum.</strong></span> <span class='ocrx_word' id='word_1_204' title='bbox 514 2742 635 2785; x_wconf 88' lang='lat' dir='ltr'><strong>dicat</strong></span> <span class='ocrx_word' id='word_1_205' title='bbox 671 2742 938 2801; x_wconf 88' lang='lat' dir='ltr'><strong>exemplum,</strong></span> <span class='ocrx_word' id='word_1_206' title='bbox 970 2752 1062 2799; x_wconf 88' lang='lat' dir='ltr'><strong>quo</strong></span> <span class='ocrx_word' id='word_1_207' title='bbox 1100 2741 1211 2784; x_wconf 89' lang='lat' dir='ltr'><strong>nihil</strong></span> <span class='ocrx_word' id='word_1_208' title='bbox 1248 2741 1450 2800; x_wconf 86' lang='lat' dir='ltr'><strong>gravius,</strong></span> <span class='ocrx_word' id='word_1_209' title='bbox 1488 2740 1601 2783; x_wconf 86' lang='lat' dir='ltr'><strong>nihil</strong></span> <span class='ocrx_word' id='word_1_210' title='bbox 1630 2741 1727 2794; x_wconf 78' lang='lat' dir='ltr'><strong>eius</strong></span> 
     </span>
     <span class='ocr_line' id='line_1_25' title="bbox 171 2805 1728 2871; baseline -0.001 -16"><span class='ocrx_word' id='word_1_211' title='bbox 171 2811 427 2871; x_wconf 83' lang='lat' dir='ltr'><strong>eloquentia</strong></span> <span class='ocrx_word' id='word_1_212' title='bbox 465 2810 643 2870; x_wconf 89' lang='lat' dir='ltr'><strong>dignius</strong></span> <span class='ocrx_word' id='word_1_213' title='bbox 680 2811 740 2855; x_wconf 87' lang='lat' dir='ltr'><strong>sit</strong></span> <span class='ocrx_word' id='word_1_214' title='bbox 777 2810 832 2855; x_wconf 89' lang='lat' dir='ltr'><strong>cf.</strong></span> <span class='ocrx_word' id='word_1_215' title='bbox 864 2816 1005 2854; x_wconf 86' lang='lat' dir='ltr'><strong>contr.</strong></span> <span class='ocrx_word' id='word_1_216' title='bbox 1043 2811 1076 2854; x_wconf 92' lang='lat' dir='ltr'><strong>I.</strong></span> <span class='ocrx_word' id='word_1_217' title='bbox 1107 2809 1247 2868; x_wconf 89' lang='lat' dir='ltr'><strong>praef.</strong></span> <span class='ocrx_word' id='word_1_218' title='bbox 1277 2809 1346 2853; x_wconf 80' lang='lat'><strong>69.</strong></span> <span class='ocrx_word' id='word_1_219' title='bbox 1384 2805 1397 2822; x_wconf 78' lang='grc'><strong><em>”</em></strong></span> <span class='ocrx_word' id='word_1_220' title='bbox 1412 2808 1551 2854; x_wconf 69' lang='lat' dir='ltr'><strong>Idem1</strong></span> <span class='ocrx_word' id='word_1_221' title='bbox 1573 2824 1728 2856; x_wconf 87' lang='lat' dir='ltr'><strong>omnes</strong></span> 
     </span>
    </p>
   </div>
   <div class='ocr_carea' id='block_1_6' title="bbox 150 2878 1727 2983">
    <p class='ocr_par' dir='ltr' id='par_1_7' title="bbox 150 2878 1727 2983">
     <span class='ocr_line' id='line_1_26' title="bbox 150 2878 1727 2944; baseline -0.001 -19"><span class='ocrx_word' id='word_1_222' title='bbox 150 2882 390 2944; x_wconf 24' lang='lat' dir='ltr'><strong>*oratorias</strong></span> <span class='ocrx_word' id='word_1_223' title='bbox 420 2881 607 2925; x_wconf 87' lang='lat' dir='ltr'><strong>virtutes</strong></span> <span class='ocrx_word' id='word_1_224' title='bbox 626 2880 667 2923; x_wconf 87' lang='lat' dir='ltr'><strong>ei</strong></span> <span class='ocrx_word' id='word_1_225' title='bbox 693 2880 889 2924; x_wconf 87' lang='lat' dir='ltr'><strong>vindicat</strong></span> <span class='ocrx_word' id='word_1_226' title='bbox 908 2881 1066 2938; x_wconf 86' lang='lat' dir='ltr'><strong>(contr.</strong></span> <span class='ocrx_word' id='word_1_227' title='bbox 1088 2880 1122 2923; x_wconf 94' lang='grc' dir='ltr'><strong>Ι.</strong></span> <span class='ocrx_word' id='word_1_228' title='bbox 1143 2878 1283 2937; x_wconf 86' lang='lat' dir='ltr'><strong>praef.</strong></span> <span class='ocrx_word' id='word_1_229' title='bbox 1302 2878 1376 2936; x_wconf 83' lang='lat'><strong>67)</strong></span> <span class='ocrx_word' id='word_1_230' title='bbox 1396 2893 1543 2937; x_wconf 88' lang='lat' dir='ltr'><strong>neque</strong></span> <span class='ocrx_word' id='word_1_231' title='bbox 1562 2879 1727 2937; x_wconf 80' lang='lat' dir='ltr'><strong>primas</strong></span> 
     </span>
     <span class='ocr_line' id='line_1_27' title="bbox 350 2947 1457 2983; baseline -0.001 1"><span class='ocrx_word' id='word_1_232' title='bbox 350 2948 352 2950; x_wconf 76' lang='grc'><strong>’</strong></span> <span class='ocrx_word' id='word_1_233' title='bbox 1432 2947 1457 2983; x_wconf 81' lang='lat'>4</span> 
     </span>
    </p>
   </div>
  </div>
 </body>
</html>
