1888 3090
910 186 979 237 34

154 343 201 386 in
237 340 327 392 hac
360 337 604 383 inusitata
594 334 1008 379 declamationum
1019 334 1169 392 specie
1196 320 1462 378 lenocinium
1507 345 1729 419 quaerere

107 425 110 427 ·
155 413 423 467 aspernatus
444 405 499 449 cf.
530 405 634 447 Sen.
666 408 807 446 contr.
837 402 917 446 IV.
948 402 1017 445 25.
1047 402 1144 446 284.
1348 437 1353 444 ,.
1450 415 1453 418 ·

189 487 191 489 ’
267 476 316 530 5.
369 475 515 530 Quam
543 472 734 516 vidimus
763 472 811 515 in
840 471 1189 550 compositione
1183 470 1530 530 simplicitatem,
1567 468 1723 514 eadem

155 545 351 589 occurrit
368 544 416 587 in
435 546 630 587 mone
688 541 742 583 In
769 539 857 597 hac
875 546 927 583 ut
945 540 1109 597 ingenii
1128 539 1410 617 praeferendi
1428 540 1521 583 late
1536 538 1723 596 patebat

153 611 409 656 rhetoribus
439 609 639 668 campus,
668 608 731 650 ita
760 606 1029 650 decedendi
1022 621 1067 650 a
1095 612 1222 650 recta
1250 608 1326 650 via
1349 607 1600 676 periculum
1629 620 1725 649 non
1779 656 1781 658 ,

153 681 291 741 longe
319 680 487 736 aberat.
547 675 742 734 Simplex
777 675 864 718 fuit
900 676 1088 732 antiqua
1127 671 1530 734 controversiarum
1560 674 1722 719 divisio

155 747 229 806 (cf.
272 747 380 791 Seu.
417 751 562 790 contr.
596 744 630 788 Ι.
672 743 710 786 l.
746 742 833 800 74),
872 742 955 787 sed
989 742 1225 805 artificiose
1263 756 1357 787 eam
1400 730 1642 802 disponere
1678 747 1724 786 et
1781 751 1784 754 ’

153 814 357 874 undique
383 814 601 859 conficere
627 827 681 855 ac
701 812 962 855 collustrare
982 826 1081 855 cum
1111 826 1247 870 quam
1274 813 1463 855 maxima
1482 811 1616 855 laude
1654 809 1718 854 di·

155 886 292 944 gnuin
311 882 557 931 videretur,
584 877 887 924 lasciviebant
912 880 1116 923 rhetores
1136 880 1374 923 multarum
1405 881 1715 938 quaestionum

157 953 457 995 ostentatione
485 956 531 993 et
560 964 641 1007 per
670 948 788 992 mille
817 954 1177 1006 argumentorum
1197 948 1367 1006 gradus
1387 949 1591 992 transitu.
1635 948 1722 992 Ac-

157 1019 266 1078 cidit
301 1019 437 1077 igitur
470 1017 598 1075 quod
626 1017 936 1075 gravissimum
965 1024 1035 1060 est
1069 1017 1284 1060 orationis
1315 1017 1484 1079 vitium:
1522 1030 1629 1064 non.
1652 1030 1733 1060 so-.

154 1088 247 1131 lum
271 1101 364 1129 non
383 1085 660 1132 subtiliorem
678 1083 929 1137 reddebant
956 1083 1230 1134 divisionem,
1250 1085 1382 1127 immo
1404 1085 1719 1142 operosiorem,

156 1154 237 1199 sed
267 1155 399 1197 etiam
427 1138 600 1196 omnem
629 1151 929 1194 detrahebant
958 1152 1289 1206 controversiae
1324 1157 1508 1194 succum·
1543 1162 1588 1195 et
1615 1166 1720 1194 san·

156 1223 333 1282 guinem
366 1221 424 1265 cf.
463 1216 566 1265 Sen.
596 1220 625 1264 l.
655 1220 708 1272 l.;
745 1218 984 1263 Westerm.
1023 1219 1079 1266 ΙΙ.
1117 1233 1162 1277 p.
1203 1219 1298 1262 267.
1367 1219 1470 1262 Huc
1507 1220 1544 1263 si
1574 1219 1720 1272 addis,

159 1290 286 1350 quod
313 1289 622 1333 necavebant
650 1287 850 1346 quidem,
878 1301 936 1331 ne
973 1287 1209 1345 discerptis
1226 1289 1569 1348 quaestionibus
1606 1301 1723 1347 quae

157 1359 292 1403 unius
323 1357 451 1400 erant
478 1357 677 1400 membra
702 1356 777 1398 vel
804 1352 1088 1398 tractationis
1126 1359 1365 1413 tamquam.
1392 1356 1595 1399 diversas
1623 1372 1723 1414 per-

157 1431 404 1471 tractarent
430 1424 505 1481 (cf.
527 1424 631 1467 Seu.
654 1429 795 1467 contr.
824 1423 859 1469 Ι.
887 1423 929 1469 6.
963 1423 1067 1474 120,
1107 1423 1164 1467 V.
1195 1423 1272 1475 33,
1302 1423 1416 1481 350),
1447 1439 1559 1468 neve
1587 1424 1719 1469 indu-³

157 1499 310 1537 cerent
340 1492 627 1550 quaestiones
658 1491 719 1534 ad
747 1492 1097 1542 controversiam
1125 1491 1250 1534 nullo
1279 1492 1415 1534 modo
1447 1493 1718 1566 pertinentes

166 1562 239 1619 (ci.
270 1561 374 1604 Seu.
406 1566 555 1603 contr
568 1559 647 1603 IV.
677 1559 747 1603 28.
764 1558 880 1615 306),
910 1558 1049 1609 vides,
1080 1566 1295 1617 quantum
1323 1554 1439 1604 inter.
1475 1575 1554 1604 eos
1581 1561 1720 1606 Latro

156 1629 441 1693 praestiterit,
464 1628 510 1670 in
530 1627 659 1685 cujus
680 1626 878 1670 moribus
892 1627 1108 1669 vitiorum
1129 1627 1303 1670 illorum
1335 1628 1622 1685 exprobratio
1645 1630 1722 1673 ha-

155 1688 338 1740 beretur
365 1695 421 1739 cf.
451 1701 594 1739 contr.
625 1696 680 1738 ΙΙ.
716 1695 781 1738 11.
814 1694 908 1745 164,
937 1695 992 1738 II.
1027 1695 1091 1738 13.
1126 1695 1218 1745 181,
1250 1696 1328 1739 IV.
1358 1695 1426 1739 24.
1455 1692 1552 1740 2¹71.

268 1765 373 1822 Ipse
401 1778 501 1807 cum
533 1764 844 1822 quaestionum
873 1778 1119 1812 numerum,
1160 1771 1384 1822 quantum
1405 1771 1603 1823 poterat,
1640 1766 1719 1809 mi-

156 1833 326 1877 nuebat
355 1832 427 1888 (cf.
459 1838 600 1879 contr.
630 1832 706 1874 ΙΠ
738 1831 807 1874 22.
837 1831 942 1882 254,
980 1831 1054 1874 IV.
1086 1831 1153 1877 28.
1187 1832 1267 1875 305
1298 1832 1429 1895 „plus
1460 1834 1720 1891 complexus

157 1902 238 1943 est‘
241 1901 292 1956 ‘,)
330 1905 423 1942 tum
453 1899 715 1942 removebat
742 1913 917 1949 omnes,
955 1913 1073 1957 quae
1118 1906 1196 1942 aut
1233 1901 1420 1958 simplici
1454 1901 1593 1945 modo'
1625 1907 1720 1945 non

157 1974 347 2025 possent
376 1968 636 2018 consistere,
663 1973 762 2011 aut
778 1981 1085 2025 supervacuae
1122 1974 1284 2013 essent.
1347 1969 1456 2013 Ideo
1493 1976 1544 2015 ιιι
1579 1972 1721 2030 impu-

158 2035 328 2092 gnabat
348 2035 717 2078 scholasticorum
731 2050 924 2086 morem,
956 2036 1281 2093 conjecturales
1301 2039 1565 2081 sectantium
1585 2054 1720 2097 quae-

158 2103 342 2153 stiones,
365 2115 481 2160 quae
500 2103 599 2145 sola
617 2107 863 2146 niterentur
879 2104 1152 2161 suspicione,
1169 2129 1228 2137 -
1243 2118 1333 2147 non
1363 2105 1478 2147 enim
1492 2105 1719 2166 quidquid
1794 2128 1800 2134 ·

158 2171 315 2228 spargi
349 2176 506 2228 posset
548 2171 819 2227 suspiciose,
864 2171 911 2214 id
945 2172 1075 2214 etiam
1111 2172 1462 2228 vindicandum')
1506 2173 1719 2231 putabat3

158 2239 464 2297 quaestionem
492 2251 606 2290 esse,
636 2252 755 2297 quae
769 2238 954 2297 'impleri
985 2245 1139 2297 posset
1167 2241 1458 2299 argumentiS,
1496 2248 1643 2290 cetera
1679 2245 1717 2288 si

158 2307 260 2363 quis
288 2307 423 2349 vellet
450 2306 659 2363 recipere,
688 2307 734 2350 in
754 2307 907 2350 colore
926 2307 1221 2351 collocanda“
1250 2309 1307 2352 cf.
1338 2316 1478 2354 contr.
1504 2312 1537 2354 I.
1560 2312 1602 2355 5.
1629 2313 1717 2357 -108
1751 2331 1757 2335 ’
1781 2355 1793 2364 ,

69 2376 73 2380 ’
156 2399 214 2408 -
242 2374 306 2417 ita
334 2388 426 2416 non
447 2374 774 2432 comprobabat
793 2389 882 2426 eas,
912 2375 960 2418 in
987 2375 1153 2433 quibus
1182 2391 1280 2420 cum
1292 2378 1388 2439 jam
1417 2393 1498 2436 per
1526 2393 1575 2422 se
1603 2380 1720 2426 iuter

149 2442 379 2500 judicatas
409 2441 625 2486 deberent
650 2442 826 2495 referri,
856 2444 970 2487 nihil
987 2440 1180 2488 restaret
1211 2445 1337 2503 quod
1365 2450 1716 2504 quaereretuir'7‚

250 2624 278 2668 ⁶)
301 2623 483 2669 Editiones
498 2622 653 2668 habent,
657 2624 713 2669 ,de
723 2637 773 2661 eo
789 2625 894 2662 etiam
917 2626 1143 2671 dicendumst
1167 2627 1234 2663 sed
1248 2628 1283 2663 A
1299 2633 1336 2663 et
1357 2628 1386 2664 Β
1417 2630 1672 2677 suspiciose
1695 2628 1719 2667 d

157 2680 289 2715 etiam
319 2681 648 2726 vindicandum,
680 2694 749 2728 qua
764 2683 799 2718 in
815 2681 987 2731 scriptura
1003 2684 1026 2719 d
1041 2684 1189 2720 litteram
1205 2684 1410 2731 explendam
1427 2698 1509 2722 esse
1525 2687 1572 2723 ad
1586 2688 1631 2724 id
1652 2700 1716 2724 vo-

157 2749 232 2772 cem
248 2738 364 2784 liquet.

249 2794 297 2839 ’“)
321 2794 429 2829 Velut
444 2806 489 2830 an
504 2796 672 2843 quidquid
688 2801 848 2844 optasset
861 2798 914 2833 vir
935 2798 1037 2834 fortis
1057 2803 1118 2834 aut
1139 2799 1365 2845 tyrannicida,
1396 2801 1558 2849 accipere
1579 2802 1717 2848 debeat,

156 2850 258 2896 quasi
273 2850 341 2886 iam
355 2853 614 2899 pronuntiatum
630 2858 737 2897 esset,
754 2865 825 2889 non
839 2854 981 2891 debere.
1749 2852 1752 2859 χ
