1888 3090
897 1065 1019 1112 Π.

564 1175 660 1242 De
682 1174 1012 1270 Latronis
1052 1175 1342 1259 scriptis.

290 1335 416 1391 Quae
438 1336 533 1396 jam
560 1341 700 1381 restat
728 1336 956 1395 quaestio,
994 1335 1239 1380 edideritne
1274 1335 1429 1380 Latro
1452 1331 1740 1381 declamatio-

174 1420 268 1456 noe,
299 1405 356 1449 de
375 1419 430 1448 ea
441 1405 663 1464 judicium
682 1404 830 1449 facere
860 1420 993 1465 quam
1027 1404 1210 1448 difficile
1229 1405 1299 1457 sit,
1330 1420 1386 1449 ex
1414 1406 1611 1450 Senecae
1641 1420 1740 1448 ver·

175 1473 246 1517 his
284 1479 411 1532 patet
438 1480 581 1518 contr.
617 1473 651 1518 Ι.
670 1473 831 1538 ,praefi
870 1473 940 1517 63.
1008 1473 1150 1525 „Fere
1176 1473 1268 1533 aut}
1282 1473 1395 1518 nulli
1435 1473 1741 1528 commentarii

173 1542 463 1587 maximorum
512 1541 857 1586 declamatorum
907 1548 1086 1591 exsmnt
1133 1547 1233 1592 aut,
1283 1542 1409 1601 quod
1436 1544 1567 1601 pejus
1584 1543 1741 1594 etiam,

173 1610 290 1655 falsi.
348 1610 508 1669 Itaque
544 1625 602 1654 ne
638 1613 714 1657 aut
758 1611 902 1670 ignoti
938 1611 1026 1654 sint
1041 1616 1153 1654 aaut·
1178 1610 1341 1662 aliter,
1388 1625 1523 1670 quam
1560 1610 1743 1662 debant,

174 1679 283 1731 noti,
313 1693 484 1723 summa
513 1681 612 1723 cum
640 1674 732 1723 fide
758 1694 888 1723 suum
918 1679 1079 1738 cuique
1108 1678 1335 1723 reddam.“

290 1740 674 1804 Supponeba'ntur
702 1747 1049 1791 declamationes
1078 1748 1172 1806 jam
1210 1747 1362 1805 primis
1398 1746 1598 1791 florentis
1634 1748 1745 1804 artis

173 1808 423 1859 rhetoricae
452 1816 741 1874 temporibus.
790 1817 941 1875 Atque
971 1822 1080 1860 tunc
1110 1811 1305 1875 quidem,
1337 1830 1436 1860 cum
1466 1815 1527 1859 ad
1557 1830 1745 1875 praepa·

173 1884 360 1929 rendam
397 1881 621 1929 forensem
666 1885 967 1943 eloquentiam
1013 1884 1335 1929 declamatores
1381 1899 1563 1929 causam
1606 1899 1745 1943 saepe

174 1959 470 2018 retractarent
504 1967 532 1996 a
569 1954 804 2011 praeclaro
844 1960 1024 1997 oratore
1054 1960 1186 1997 antea
1214 1961 1379 2007 actam,
1417 1954 1491 1998 vel
1506 1968 1745 2012 propone-

173 2029 292 2067 rent
301 2021 406 2074 rem,
436 2021 812 2080 quemadmodum
841 2022 964 2066 illum
993 2028 1287 2068 tractaturum
1316 2037 1411 2067 eam
1425 2022 1587 2066 fiiisse
1615 2029 1747 2080 puta-

174 2076 313 2142 bant,
329 2090 485 2135 imitati
512 2091 558 2133 in
588 2105 642 2134 ea
659 2091 780 2135 illius
810 2106 1055 2135 sermonem
1085 2098 1130 2135 et
1158 2090 1339 2136 dicendi
1358 2091 1587 2141 rationem,
1618 2088 1745 2134 haud

174 2175 278 2205 raro
307 2160 483 2204 factum
504 2165 593 2211 est,
622 2166 675 2204 ut
701 2159 798 2203 hae
807 2156 1181 2204 declamationes
1196 2167 1357 2218 postea
1384 2159 1506 2204 illius
1536 2166 1746 2218 putaren-

173 2235 250 2273 tur
278 2229 515 2273 orationes.
573 2227 735 2272 Falsus
766 2234 834 2283 est
862 2228 953 2273 hoc
980 2228 1116 2272 modo
1146 2229 1245 2286 ipse
1264 2228 1581 2284 Quintilianus,
1630 2228 1676 2271 Is
1705 2228 1744 2271 si

173 2296 259 2342 IV.
289 2297 327 2342 1.
366 2295 444 2348 68,
480 2279 561 2340 IX.
592 2296 633 2341 3.
670 2282 728 2340 39
773 2295 1137 2349 declamationem
1173 2296 1411 2376 aliquam
1399 2312 1446 2341 m
1486 2296 1743 2342 Ciceronem

158 2367 387 2425 scriptam
416 2373 643 2424 tamquam
672 2366 875 2410 Sallustii
903 2365 1103 2417 laudat,
1107 2367 1339 2417 ‚conviciis
1368 2365 1556 2409 inficetis
1595 2372 1639 2409 et
1675 2365 1743 2408 in·

174 2436 309 2480 sulsis
338 2435 557 2487 refertam,
589 2449 706 2495 quae
734 2436 799 2479 ita
829 2450 1003 2479 omnem
1032 2435 1214 2479 modum
1241 2435 1477 2486 excedunt,
1507 2435 1584 2479 vix
1612 2441 1663 2479 ut
1692 2449 1746 2478 ea

110 2538 118 2547 .
174 2496 416 2549 admodum
460 2505 847 2556 adolescentulus,
887 2520 988 2548 cum
1025 2506 1179 2562 primis
1206 2505 1363 2549 *labris
1400 2505 1573 2548 litteras
1604 2503 1743 2563 degu-

138 2583 140 2586 '
174 2580 293 2617 stare
323 2575 547 2633 coepisset
567 2581 620 2616 -et
648 2580 971 2617 extumesceret
1009 2575 1233 2617 etiamtum
1273 2581 1318 2617 et
1354 2568 1618 2616 exuberaret
1647 2573 1746 2630 ejus

175 2643 421 2701 ingenium,
459 2642 689 2686 nulladum
726 2657 872 2686 rerum
904 2650 948 2687 et
976 2643 1200 2686 hominum
1231 2643 1484 2699 cognitione
1513 2648 1742 2699 percepta,

135 2716 150 2730 ·
172 2711 359 2771 insignis
396 2711 472 2770 ille
498 2711 802 2755 Romanorum
838 2711 1125 2756 historiarum
1164 2711 1373 2755 conditor
1409 2710 1606 2753 emittere
1643 2724 1747 2767 pos-

174 2786 263 2831 set,
301 2781 380 2840 qui
414 2785 568 2823 sancte
605 2780 756 2823 omnia
794 2785 839 2824 et
875 2780 1071 2839 graviter
1116 2780 1250 2832 dixit,
1297 2792 1518 2837 quemque
1556 2777 1744 2833 Quintil.

180 2851 249 2906 (X.
283 2849 320 2894 1.
354 2849 454 2908 101)
482 2864 576 2896 non
605 2853 785 2899 veretur
813 2864 1047 2910 opponere
1085 2846 1348 2910 Thucydidi
1384 2846 1457 2905 (cf.
1488 2846 1679 2893 Bonnell
1715 2846 1745 2891 1.
